5442 6225
399 532 415 583 ι
506 564 559 620 aa
779 533 1087 611 tocrxxnr.
1137 524 1337 613 curm.
1384 498 2048 613 asnorrsacctcstre
2185 524 2192 529 “

342 796 354 813 ‚
490 720 591 811 tiaris
606 718 671 797 avi
682 711 895 809 scriptoribus
908 712 1087 811 pontificiis
1097 718 1131 784 ia
1152 709 1359 783 moltiscon·
1381 717 1463 785 droe
1477 717 1684 790 &aaronem
1688 721 1857 813 pertinere
1871 722 2044 793 contendit.
2094 675 2165 791 sel
2178 714 2256 793 tet.

492 821 647 905 tradicit,
672 843 732 889 nec
753 822 865 888 tomen
892 814 949 885 fibi
973 812 1029 911 ipss
1052 811 1176 883 conllat
1195 815 1358 885 inomni·
1382 812 1541 887 lanuinus
1556 813 1614 887 lib.
1629 819 1656 886 1.
1680 818 1846 915 desverbo
1862 817 1928 889 Dei
1945 840 2015 915 cup.
2036 846 2092 892 aa.
2119 816 2171 891 Εἴ
2186 834 2255 890 ter·

445 966 447 971 -
492 918 553 989 bus
568 917 648 988 fidei
664 915 820 989 articulis.
870 915 1006 984 Suntma
1026 917 1096 999 ejus
1115 910 1159 980 ell
1181 913 1214 978 in
1232 908 1356 981 dourt·
1382 916 1461 983 tium
1479 910 1527 986 &l
1543 927 1696 1011 quartum
1713 915 1844 1008 Esaeae
1859 918 2065 1012 apocryphas
2077 913 2254 1014 effeagoo·

350 1040 361 1073 ··
491 1037 534 1087 nu
549 1015 590 1085 d'e
605 1012 855 1105 justificatione,
879 1011 970 1107 quod
985 1009 1099 1101 jullitia
1113 1010 1288 1082 habitualis
1300 1031 1358 1078 co·
1379 1005 1457 1095 scit,
1478 1019 1560 1108 quin
1577 1020 1678 1083 etiarn
1694 1013 1798 1099 addit,
1811 1018 1972 1087 contineri
1992 1020 2027 1087 io
2046 1030 2174 1116 quarto·
2189 1016 2253 1109 Eti-

490 1130 564 1185 ram
585 1114 661 1183 Deo
672 1113 783 1183 valens
800 1111 943 1183 conlillit
960 1115 993 1180 in
1014 1109 1130 1180 habitu·
1148 1102 1282 1196 iufulo,
1308 1112 1355 1200 ju·
1381 1117 1629 1208 araequaeciam
1639 1113 1796 1208 fabulatio
1811 1140 1850 1187 ae
1863 1116 2073 1185 rabbinorum
2086 1118 2250 1188 Ttatno·

490 1211 576 1283 ilitio
592 1234 678 1283 vero
692 1208 826 1299 abluatis
849 1213 1022 1280 inmeritis
1038 1232 1193 1304 operum.
1380 1210 1697 1304 dillatnrnsoomia,
1723 1212 1816 1309 qttotl
1830 1216 1949 1307 repetit
1972 1211 2030 1283 lib.
2046 1216 2087 1299 ll,
2109 1212 2153 1285 de
2175 1236 2251 1287 vet·

795 1315 821 1399 §.
838 1308 989 1379 CCXLI.
1037 1308 1195 1402 Speeiales
1223 1301 1358 1401 pontiti-
1381 1308 1425 1378 bo
1439 1310 1502 1379 Dei
1519 1334 1555 1380 ca
1581 1363 1588 1377 .
1611 1337 1641 1381 ι.
1694 1311 1748 1379 Sic
1774 1311 1896 1380 librum
1919 1309 2047 1381 baruch
2079 1336 2173 1383 extra
2198 1336 2251 1383 en·

516 1402 658 1485 Spectata.
745 1415 878 1481 cionmt
909 1411 943 1477 ἁ
975 1401 1163 1499 jesuitarum
1189 1398 1355 1473 diffenl'to·
1380 1430 1505 1478 nonem
1527 1334 1591 1478 ele
1612 1402 1760 1503 agnoscit
1783 1409 1862 1493 Joh.
1881 1409 2013 1477 Drietlu
2036 1407 2096 1481 lib.
2115 1410 2142 1481 l.
2160 1430 2250 1483 cotu-

745 1533 802 1578 nes
821 1510 970 1576 revocari
988 1499 1117 1599 poliunt
1136 1500 1175 1571 ad
1199 1501 1267 1571 haec
1287 1504 1355 1570 duo
1382 1504 1450 1603 log.
1470 1501 1578 1604 script.
1607 1532 1678 1601 cap.
1695 1535 1727 1588 4·
1752 1510 1793 1576 nd
1814 1503 1967 1578 difficolt.
1990 1532 2043 1579 ιι.
2073 1512 2110 1581 bt
2132 1510 2248 1581 Contu
2275 1540 2278 1545 ·

493 1606 620 1697 capita,
654 1603 745 1700 quod
775 1601 926 1701 quaedam
954 1621 1157 1673 concernunt
1188 1604 1355 1698 religionis
1380 1602 1438 1675 lib.
1455 1606 1527 1678 Xll.
1550 1605 1657 1674 locor.
1671 1628 1740 1698 cap.
1756 1618 1787 1674 6.
1800 1603 1906 1681 dicit,
1926 1602 2248 1699 nonodeoexploro·

485 1706 727 1795 principiam·
744 1704 893 1798 quaedam
914 1724 994 1769 vero
1014 1704 1167 1771 articulos
1179 1700 1255 1795 fidei
1280 1705 1353 1769 reli·
1377 1714 1408 1771 te
1426 1700 1472 1774 fn
1484 1702 1633 1796 firmiter
1652 1706 1688 1772 in
1706 1706 1874 1787 sacrorum
1891 1727 2025 1775 numera
2050 1706 2100 1773 ab·
2120 1706 2249 1805 eceltfio

490 1824 572 1895 qnos
594 1807 814 1898 estprincipio
838 1799 899 1870 illo
920 1797 1093 1868 deductos.
1151 1800 1353 1890 Principium
1379 1804 1468 1871 illum
1487 1798 1545 1897 effe
1565 1804 1759 1903 repositurum
1783 1796 1840 1871 sed
1856 1799 2072 1872 neltanntaas
2088 1801 2144 1873 lib.
2162 1806 2188 1877 Ι.
2203 1804 2245 1877 do

487 1897 671 1991 theologiae
684 1904 817 1969 unicum
832 1895 876 1968 etl
891 1897 1028 1968 verbum
1051 1899 1115 1968 Dei
1132 1898 1165 1966 in
1187 1902 1354 1966 canonicis
1378 1902 1481 1967 verbo
1511 1904 1575 1969 Dei
1599 1926 1669 1995 cap.
1690 1919 1720 1975 Β.
1744 1906 1916 1970 contendit
1939 1896 2003 1969 ello
2029 1906 2243 1976 canonicum.

488 2004 609 2065 veteris
638 2004 670 2068 ἁ
699 2007 784 2067 ttuvi
808 1995 990 2065 rellamenti
1018 1995 1108 2064 libris
1129 1994 1349 2090 propnt‘iuuu.
1376 1998 1649 2093 Srtpplementnm
1677 1996 1794 2068 Esther
1823 2000 1929 2081 Sixtus
1952 1997 2101 2068 Senensis
2133 1998 2193 2069 lib.
2215 2004 2247 2076 Ι.

489 2094 553 2163 Sed
568 2100 702 2190 quinam
725 2096 785 2165 lint
809 2094 884 2164 libri
906 2118 985 2162 vere
998 2098 1171 2177 cattouici,
1197 2091 1348 2160 nandum
1378 2095 1531 2167 biblioth.
1546 2095 1620 2165 tau.
1639 2091 1806 2175 elocutus
1820 2084 1988 2184 Lyrobum
2009 2120 2177 2167 eeanoue
2193 2121 2245 2169 re·

488 2215 591 2260 cntrvr
622 2197 645 2260 it
678 2202 761 2262 inter
789 2191 991 2285 perutilitios.
1051 2192 1247 2261 Concilium
1269 2190 1350 2258 Tri·
1378 2196 1465 2278 licit,
1489 2190 1541 2262 led
1562 2194 1680 2291 reliqui
1702 2192 1865 2290 pontificii
1882 2197 2094 2265 araoritatem
2108 2195 2250 2269 cunoni·

486 2286 661 2360 dominnm
688 2286 754 2360 leil.
785 2292 838 2361 lV.
875 2289 966 2358 libris
1000 2296 1172 2359 carnotenis
1204 2292 1352 2384 abjungit
1378 2316 1449 2361 cam
1474 2284 1521 2362 illi
1536 2293 1692 2377 tribuunt.
1745 2294 1946 2388 Apocryplta
1962 2298 2065 2387 capita
2079 2294 2246 2381 Darnalis,

491 2390 655 2467 Talnam,
678 2392 822 2490 Juditlr,
845 2391 1073 2479 Sapientiam,
1102 2388 1351 2479 terteriasticam,
1379 2389 1533 2459 videlicet
1553 2390 1723 2461 ltilloriarn
1740 2385 1911 2477 Susanna,
1939 2389 2022 2459 belis
2036 2394 2069 2461 ἃ
2086 2388 2246 2465 draconis

484 2494 568 2557 duos
581 2494 862 2561 Maccahaeorum.
910 2483 974 2554 Sed
989 2483 1349 2573 Caietannscnroinnlie
1378 2488 1632 2578 Hieronymum
1662 2486 1762 2559 secuti
1791 2495 1965 2585 repudiant
1999 2487 2077 2570 Joh.
2109 2488 2249 2561 Drieda

483 2584 735 2680 Hieronymum
757 2612 775 2656 e
793 2609 921 2657 canone
948 2581 1025 2655 illos
1046 2583 1280 2654 excludentem
1303 2579 1348 2650 le·
1378 2586 1434 2655 lib.
1455 2589 1477 2655 l.
1500 2586 1592 2655 catal.
1612 2584 1721 2677 script.
1741 2584 1891 2683 canule,
1935 2586 2064 2655 Ludov.
2088 2588 2190 2658 Vives
2207 2592 2242 2659 in

484 2688 607 2779 quitur.
664 2684 857 2763 Benedibiuc
887 2686 979 2751 brino
1007 2683 1214 2764 Montanus,
1247 2705 1346 2774 quem
1376 2683 1433 2754 lib.
1448 2686 1571 2757 xvut.
1582 2685 1785 2781 Angullinns
1796 2688 1837 2757 de
1848 2689 1911 2755 civ.
1928 2685 1993 2753 l)ei
2009 2708 2045 2754 ca
2070 2688 2242 2763 .3t.Sint-

482 2806 564 2877 papa
584 2785 770 2877 Gregorius
789 2784 878 2854 Xlll.
895 2778 1003 2849 fitium
1019 2775 1112 2851 suum
1127 2777 1289 2874 adpellant,
1313 2783 1346 2847 in
1374 2802 1424 2851 tus
1440 2779 1588 2852 Seneufis
1603 2782 1661 2851 lib.
1676 2784 1702 2854 l.
1725 2782 1877 2857 biblioth.
1894 2777 1971 2852 seit.
1990 2800 2021 2857 8.
2043 2708 2100 2851 led
2118 2782 2241 2881 reliqui

474 2879 595 2951 ¹bibliis
612 2882 773 2951 hebraicis
789 2907 865 2950 curn
882 2878 1083 2948 interlineari
1100 2880 1341 2973 interpretatio·
1375 2877 1540 2973 pontificii
1558 2904 1621 2975 pro
1634 2886 1799 2953 canonicis
1813 2904 1849 2950 en
1864 2896 2044 2976 acceptant.
2076 2880 2240 2955 Tettium

444 3010 447 3017 ·
483 3003 527 3047 ne
542 2978 664 3051 excusas
679 2987 711 3052 ὅ(
727 3006 743 3048 a
759 2976 929 3072 theologis
950 2974 1206 3045 lovaniensibus
1225 2973 1346 3068 adpro·
1374 2982 1407 3047 ἅ
1426 3000 1577 3072 quartum
1592 2980 1859 3052 Maccahaeorum
1878 2974 1940 3063 elle
1955 2997 2045 3047 extra
2058 3002 2243 3070 cononem,

480 3075 562 3148 batis
595 3082 635 3148 de
659 3078 727 3149 illis
750 3076 792 3148 lic
814 3075 958 3172 judicat:
994 3072 1139 3145 Ecclelia
1164 3074 1348 3144 orthodoxe·
1375 3072 1558 3170 agnoscunt
1578 3068 1741 3172 pontificii
1767 3078 1918 3174 plerique
1944 3100 2076 3161 omnes,
2104 3072 2161 3148 sed
2182 3080 2237 3155 Fr.

478 3180 665 3252 Hebraeum
683 3177 953 3270 canonemsecuta
967 3175 1054 3243 inter
1070 3176 1272 3268 apocryphos
1292 3197 1342 3243 re·
1374 3175 1566 3246 Turtiaaus
1590 3201 1654 3273 pro
1675 3177 1855 3247 centonibus
1879 3173 2109 3270 apostolorum
2132 3175 2192 3250 lib.
2211 3179 2239 3254 1.
2271 3193 2277 3204 '

477 3278 594 3372 censet.
645 3277 738 3346 idern
760 3275 899 3344 ssatttuut
917 3277 1102 3342 Antoninus
1122 3267 1342 3367 archiepisco-
1374 3296 1443 3369 cap.
1460 3301 1514 3347 ιι.
1536 3271 1870 3345 vehementerluadet
1883 3281 2011 3344 tertium
2024 3279 2239 3350 Maccabaea-

475 3397 536 3472 pus
558 3396 628 3470 part
658 3377 713 3444 ll-l.
738 3379 783 3443 tit.
810 3393 861 3449 rt.
885 3394 955 3463 cap.
980 3397 1009 3450 ς.
1061 3355 1238 3460 Dionylius
1260 3371 1343 3439 Car·
1373 3396 1445 3440 rum
1465 3377 1502 3443 in
1524 3399 1675 3444 canorum
1695 3379 1806 3470 recipi.
1858 3376 1946 3455 Quin
1966 3381 2037 3443 ituo
2060 3375 2260 3450 tullerint..

475 3471 755 3544 caullincourt.
777 3477 810 3540 iu
829 3465 947 3539 Genel.
968 3469 1082 3539 Franc.
1111 3469 1255 3538 Piensde
1274 3467 1341 3539 lide
1372 3495 1432 3539 nus
1456 3467 1523 3566 ipse
1545 3470 1604 3540 libi
1629 3479 1662 3542 in
1682 3475 1861 3569 quaeliione
1885 3478 1927 3540 de
1951 3471 2043 3541 libris
2063 3477 2237 3548 cononicis

361 3589 374 3624 ¹·
475 3574 646 3642 &ordine
666 3571 821 3641 credendi
840 3567 1001 3638 theor.V.
1031 3560 1336 3655 Eralruusinlym-
1370 3588 1432 3637 vet.
1447 3572 1515 3639 tell.
1538 3567 1715 3640 lortiffitne
1732 3572 1939 3642 contradicit.
1989 3569 2122 3641 Fatetur
2142 3579 2242 3646 enirn-

477 3668 560 3738 boto
590 3671 716 3739 catech.
736 3671 805 3746 lV⁸¹
824 3692 854 3762 p.
885 3689 960 3744 153·
982 3669 1046 3735 &a
1075 3667 1163 3732 unde
1189 3665 1336 3734 Pererius
1365 3664 1422 3733 lib.
1438 3669 1462 3738 Ι.
1476 3666 1519 3737 de
1537 3667 1644 3738 uerbo
1658 3670 1720 3739 Dei
1736 3695 1804 3765 cop.
1820 3694 1852 3752 7.
1879 3669 2024 3762 Itsdrom
2038 3667 2235 3770 eonstitutffe'
2263 3665 2266 3674 ’

399 3819 402 3826 ,
474 3763 600 3862 praefat.
623 3775 655 3835 in
674 3769 727 3838 lib.
747 3766 1036 3838 XVl.comment.
1055 3767 1088 3830 in
1113 3761 1242 3832 Daniel.
1262 3785 1334 3856 pag.
1369 3787 1521 3836 tattonem
1549 3773 1756 3854 Hebraeum,
1785 3793 1884 3864 quem
1915 3767 1973 3845 lib.
1999 3771 2040 3840 ll.
2062 3771 2105 3839 de
2126 3775 2234 3844 uerbo

470 3858 686 3950 ·74a.dilerte
699 3859 829 3945 scribit,
853 3864 967 3930 multos
981 3862 1150 3931 ratbolieos
1173 3861 1336 3953 uobiscum
1368 3861 1434 3930 Dei
1462 3889 1494 3935 c..
1513 3891 1544 3935 ι.
1569 3869 1768 3936 adstanterat·
1784 3866 1965 3959 propinetis.
2031 3868 2241 3966 Quicunque·

472 3965 599 4056 sensere
626 3967 726 4034 libros
762 3963 836 4031 illos
872 3962 1095 4055 erratronersos
1122 3961 1336 4053 apocryphos.
1367 3963 1470 4054 igitur
1495 3959 1552 4032 lub
1572 3966 1786 4034 anathematis
1815 3961 1955 4032 fulmine
1977 3989 2040 4057 pro
2060 3973 2240 4042 conasticis·

436 4117 438 4122 .
471 4067 580 4133 Suetus
593 4059 741 4134 senense
761 4059 812 4127 lib.
827 4063 851 4128 Ι.
876 4057 1030 4130 biblioth.
1051 4056 1258 4152 stapletonus
1275 4057 1333 4129 lib.
1364 4055 1457 4130 libris
1473 4062 1586 4132 haberi
1605 4063 1716 4153 jubent
1733 4061 1939 4148 illoslibroo‚
1964 4086 2049 4159 quot
2064 4060 2183 4138 Eldras
2196 4069 2239 4138 in-

425 4201 427 4206 .
470 4153 529 4235 fx,
557 4167 661 4256 princ,
689 4158 765 4229 fidoi
786 4156 892 4224 eloris.
916 4181 985 4242 cap.
1010 4166 1040 4227 6.
1071 4156 1155 4225 alios
1175 4173 1240 4224 vet.
1263 4154 1331 4233 tell.
1365 4180 1528 4228 canonem
1544 4184 1614 4230 non
1639 4185 1780 4256 recepit,
1808 4161 1859 4233 illi
1884 4171 2243 4256 proptreticaeautoti··

469 4259 572 4329 libros
595 4259 707 4328 dicetur
726 4258 1013 4349 protoeaaanieos,
1037 4253 1119 4322 alios
1147 4258 1332 4325 deuterota·
1364 4261 1420 4324 toti
1441 4257 1681 4328 contradicunt.
1743 4265 1851 4329 Patres
1874 4263 2008 4331 correrlii
2032 4263 2236 4338 'l‘titlentini¹

465 4364 618 4441 cronicas,
644 4362 756 4448 trtirrue
770 4379 853 4448 ergo
872 4375 938 4420 nnn
953 4372 1047 4421 erunt
1061 4375 1177 4421 omnes
1200 4353 1332 4446 aequalis
1363 4359 1395 4423 bt
1411 4352 1702 4427 Bellartniaushoc
1723 4356 1866 4440 faciunt3
1892 4381 1986 4454 ergo.
2019 4359 2070 4430 nd
2096 4380 2235 4438 textum·

464 4459 659 4526 memneris,
714 4453 794 4544 Papa
812 4450 973 4520 Adrianus
987 4476 1015 4519 c.
1031 4450 1160 4519 Sextum
1181 4446 1252 4518 dill.
1278 4465 1330 4523 aa.
1361 4451 1589 4523 Hebraeumin
1603 4473 1666 4525 vet.
1683 4462 1715 4527 ἁ
1730 4457 1774 4525 aa
1794 4475 1923 4526 textum
1938 4458 2091 4528 Graecum
2105 4465 2239 4536 innon·

463 4546 844 4641 continuavit-lynodinu
857 4545 1258 4641 Coullnntinopolitanam
1270 4550 1336 4638 Vi.
1360 4547 1430 4624 toll.
1448 4574 1465 4618 a
1482 4551 1610 4647 vulgata
1629 4551 1778 4624 aerbone
1796 4554 1910 4623 Latina
1927 4560 2105 4648 prouocati
2120 4553 2233 4654 polle„

460 4647 516 4722 fid
534 4658 567 4720 in
585 4651 644 4719 hac
662 4646 788 4741 lynodo
814 4645 1032 4716 confirmatur
1051 4647 1229 4716 concilium
1243 4648 1333 4716 l.ao··
1358 4667 1481 4744 negant
1494 4672 1601 4743 patres
1613 4653 1964 4736 coneiliiTrtdeutiui,
1991 4652 2240 4754 qtroslequuu-,

460 4748 636 4829 ditonum,
662 4749 751 4841 quod
774 4747 874 4814 libros
900 4744 975 4812 ilos
1002 4769 1183 4816 excanona
1210 4769 1322 4814 remo·-
1356 4743 1566 4842 turJeluitae..
1611 4750 1674 4819 Sed
1688 4754 1724 4822 iu
1737 4756 1982 4839 jurecanonieo
1996 4777 2067 4848 cop.
2082 4775 2118 4826 ut
2135 4777 2227 4830 veto·-

458 4869 527 4918 tet.
581 4845 735 4914 Pillorius
753 4849 785 4914 iu
806 4850 909 4936 priora
924 4845 1048 4910 annotivo
1073 4839 1241 4937 apollafias
1267 4843 1325 4911 Ba·
1357 4843 1521 4918 rum-dili.
1534 4874 1566 4927 9.
1583 4846 1733 4943 enpress'e
1752 4849 1832 4917 illud
1844 4855 2041 4943 praecipient.
2069 4851 2243 4950 idipsum·

336 4965 338 4972 ·
457 4941 564 5017 deuiis
579 4968 652 5038 pag.
674 4969 728 5024 ιι.
753 4943 882 5012 adctrlar
902 4943 1105 5017 lnuherum,
1133 4944 1222 5035 quod
1241 4945 1323 5012 duos
1357 4942 1470 5011 moltis
1494 4952 1697 5036 at'grunentis
1721 4948 1944 5037 cnrnprobant
1971 4951 2101 5024 Ludov.
2121 4957 2228 5026 Vives·

479 5042 650 5132 ollrriorer
678 5045 805 5138 Esiroe
830 5065 846 5109 e
872 5043 976 5110 bibliis
999 5040 1160 5133 evulserit.
1212 5037 1321 5109 Gene-
1355 5044 1389 5107 in
1408 5038 1463 5110 lib.
1479 5043 1568 5114 XlV'.
1598 5044 1847 5138 Attgulliuusde
1860 5048 1950 5115 civit.
1968 5048 2032 5116 Dei
2042 5075 2114 5144 cat».
2137 5073 2169 5131 a,
2187 5060 2222 5124 in

477 5141 594 5242 medua
608 5146 644 5218 iu
666 5141 823 5244 chronol.
837 5164 869 5240 Β.
880 5165 938 5226 90·
962 5153 1117 5240 quartana
1128 5140 1245 5212 tibrum
1260 5138 1318 5237 Es·
1350 5135 1493 5220 lib.XV.
1512 5163 1587 5238 cap.
1598 5166 1651 5222 aa.
1699 5144 1894 5219 benedictas
1913 5149 2012 5218 Aries.
2032 5147 2227 5224 Montanos

1819 5283 1830 5290 “
2139 5273 2230 5328 mlii*
