5442 6225
607 550 688 628 ,242
880 528 1010 605 uoci
1041 529 1193 605 xxru.
1238 475 1526 608 caruu‘xr.
1577 519 2156 625 ucuortsaccuustrc

617 709 708 798 sior,
733 724 795 785 aas
815 719 946 810 quondo
965 716 1122 804 coperit,
1147 714 1238 808 epod
1255 713 1409 788 nerninem
1426 737 1479 785 rr·
1511 712 1661 811 primum
1687 710 1991 794 animadvertente,
2014 715 2051 783 in
2081 706 2253 783 ecclesiam
2277 732 2374 784 reca-

611 815 847 910 perirepoini.
899 823 935 903 3)
960 813 1347 886 ChrislusMatth.Xlll.
1368 816 1477 898 aula
1510 830 1606 909 ptum
1620 816 1672 885 iri.
1692 818 1745 907 (ἢ
1795 810 1937 898 Quidam
1957 807 2131 881 subitaneis
2155 809 2378 905 cautae,an

596 910 772 1010 ,parabola
791 912 872 983 boni
891 911 1024 983 seminis
1052 917 1086 984 dt
1115 916 1327 983 zizaniorum
1356 912 1476 1002 docet,
1509 929 1541 983 ta
1565 911 1741 999 incendio,
1765 909 1968 1006 naufragio,
2001 912 2122 1006 rapinis
2141 915 2205 980 &c
2233 912 2270 978 iu
2292 928 2374 1005 paa-

615 1012 871 1085 nominitamus·
883 1013 1134 1106 observantibus
1148 1012 1204 1083 nte
1219 1011 1475 1084 animaduerten-
1509 1026 1672 1105 penatem
1698 1011 1872 1093 incidunt,
1897 1009 2033 1105 quidam
2059 1003 2175 1077 seusun
2198 1005 2279 1079 line·
2299 1002 2374 1077 scu·

614 1116 702 1184 riuos
715 1112 842 1181 zizania
855 1136 871 1178 a
885 1111 1022 1181 diabolo
1042 1106 1315 1206 superseminari,
1338 1109 1417 1180 inde
1430 1111 1477 1181 est
1509 1103 1544 1179 su
1563 1109 1682 1205 opibus
1707 1107 1927 1181 dilabentibus
1949 1106 1990 1178 ad
2013 1126 2198 1190 extremam
2228 1120 2371 1202 pauper·

613 1207 706 1308 quod
727 1212 1041 1296 colonimi'rantur,
1067 1208 1475 1307 undrstntzizaniuinc-
1511 1214 1584 1278 tatis
1615 1206 1738 1279 lineam
1772 1205 1997 1302 rediguntur:
2034 1203 2078 1274 fic
2113 1198 2368 1298 spiritualeeve-

612 1334 678 1405 que
696 1313 786 1404 prius
801 1313 899 1378 anxie
919 1326 1070 1406 quarunt
1089 1363 1100 1398 ,
1124 1333 1193 1406 quo
1211 1311 1376 1404 temporis
1393 1330 1472 1403 pun·
1509 1330 1555 1376 rae
1578 1303 1658 1375 fidei
1682 1307 1806 1392 divitiae
1824 1303 2025 1403 quandoque
2050 1321 2188 1399 aperte,
2215 1299 2370 1399 quando-

613 1410 670 1480 slo
696 1413 730 1480 ἀ
755 1429 933 1502 perquem
956 1411 1083 1477 zizania
1108 1401 1364 1504 superseminata
1394 1404 1475 1491 fint,
1505 1428 1573 1501 que
1589 1404 1719 1474 occulte
1738 1409 1943 1474 amittuntur.
2005 1396 2044 1498 5)
2068 1397 2381 1484 Quemadmodum

611 1502 667 1578 sed
690 1506 732 1574 de
755 1503 982 1575 eradicatione
1016 1530 1136 1576 eorum
1168 1504 1273 1575 slatim
1311 1509 1471 1602 cogitant.
1507 1508 1542 1573 iu
1564 1502 1732 1597 republica
1753 1504 1903 1574 Romana
1928 1519 2082 1596 ternpore
2107 1496 2234 1577 Valerii
2254 1495 2369 1569 Maxi-

610 1605 707 1674 ldem
727 1602 844 1672 accidit
857 1621 1010 1698 tempore
1026 1621 1181 1701 papatus,
1202 1629 1278 1674 cum
1297 1608 1387 1674 enim
1403 1608 1472 1698 epi·
1506 1605 1554 1671 mi
1568 1599 1700 1700 infiguis
1719 1599 1802 1674 faeta
1827 1597 1936 1673 fuerat
1959 1602 2100 1670 mutatio
2116 1602 2150 1668 ἁ
2164 1620 2183 1663 a
2199 1596 2367 1687 majorum

607 1696 701 1799 scopi
721 1726 834 1799 rer-um
861 1698 1057 1774 secularium
1080 1706 1168 1773 curis
1193 1702 1468 1786 involverentur,
1504 1703 1625 1770 uirtute
1645 1699 1885 1797 degeneratio,
1911 1694 1991 1767 ficut
2013 1692 2134 1794 ipseea
2156 1692 2197 1766 de
2219 1718 2257 1766 re
2281 1716 2365 1764 con·

607 1818 706 1897 atque
721 1795 828 1871 otiose
854 1799 1046 1886 tter-terent,
1070 1799 1143 1898 ipsis
1167 1824 1236 1870 uon
1260 1798 1467 1870 animadver·
1502 1802 1674 1893 queritur,
1694 1822 1806 1897 neque
1820 1818 1931 1870 tamen
1945 1791 2033 1866 illius
2049 1791 2366 1888 mutationisprimi

606 1897 751 1970 tentibus
764 1897 1074 1997 largazizauiorum
1091 1894 1181 1995 seges
1194 1896 1380 1968 itt-ecclesia
1398 1891 1463 1969 suc·
1502 1898 1670 1980 auctores,
1694 1899 1748 1966 vel
1774 1900 1937 1994 temporis
1959 1894 2121 1988 pundlum
2146 1889 2198 1961 vel
2211 1889 2282 1960 alia
2304 1912 2366 1960 ex·

606 2004 723 2069 crevit.
796 2004 836 2083 4)
864 1998 1159 2081 Quemadmodum
1186 1997 1323 2094 quidam
1354 1997 1467 2067 morbi
1502 1989 1640 2065 trinseca
1660 1997 1810 2088 adjuusla
1823 1989 1987 2084 recenseri
2004 1985 2363 2091 poteranttsallulliua

603 2089 678 2166 sunt
688 2092 875 2191 subitanei,
904 2099 961 2192 qui
988 2097 1165 2165 homiuem
1185 2100 1274 2190 prius
1290 2089 1405 2165 santuu
1429 2118 1467 2165 ac
1501 2097 1537 2162 iu
1555 2093 1866 2184 Catilinmajorum
1883 2091 2025 2164 inllituta
2049 2113 2203 2171 narrans,
2225 2087 2363 2185 qualem

602 2193 772 2266 valentem
792 2190 898 2263 subito
914 2195 1330 2290 adgrediuntur,quornm
1344 2199 1379 2265 ἀ
1391 2217 1464 2264 cau·
1500 2191 1742 2287 rempublicam
1760 2193 1954 2275 habuerint,
1967 2211 2123 2290 quantam
2148 2185 2362 2283 reliquerint,
2380 2246 2390 2261 ,

600 2289 635 2365 sa
651 2296 685 2365 dt
704 2297 956 2388 tempusnotari
974 2290 1078 2385 potell
1091 2343 1102 2378 ‚
1127 2309 1163 2362 ut
1189 2292 1303 2388 pellis,
1330 2291 1467 2387 apople-
1499 2304 1600 2384 utque
1628 2291 1784 2386 paularim
1814 2298 1985 2361 immutata
2010 2314 2050 2360 ex
2076 2286 2362 2386 pulcherrima&

600 2394 731 2462 sinoce.
752 2393 889 2486 quidam
904 2413 987 2459 vero
1005 2385 1077 2458 lunt
1091 2392 1191 2477 lenti,
1208 2414 1353 2487 quorum
1373 2395 1465 2460 initia
1499 2394 1625 2485 optima
1649 2387 1735 2461 fabia
1762 2389 1800 2459 fit
1823 2387 1865 2459 fla
1892 2386 2098 2471 iriolillima‚
2127 2384 2263 2455 taudem
2286 2378 2362 2452 sub·

597 2484 674 2561 sunt
690 2488 839 2572 occulta,
863 2493 1066 2558 incrementa
1079 2488 1196 2564 tarda,
1224 2514 1297 2586 quar
1316 2492 1464 2584 primum
1497 2491 1630 2583 irrugit:
1653 2492 1815 2563 Pecuniae
1833 2415 1890 2563 [is
1903 2490 2032 2584 imperii
2049 2487 2232 2583 cupidinem
2252 2482 2359 2577 prinu

597 2585 737 2686 quidem
753 2583 1083 2672 nousentiuntur,rel
1093 2608 1183 2656 certe
1197 2612 1266 2655 non
1283 2581 1462 2657 observati·
1495 2582 1643 2681 irtuiffr,
1670 2610 1802 2688 turaque
1825 2590 1916 2686 quaest
1937 2590 2103 2659 materiam
2122 2585 2266 2656 anetem
2291 2603 2359 2651 aeae

601 2706 680 2762 tur,
700 2683 935 2758 tandemuero
951 2705 1059 2756 totum
1080 2710 1203 2779 corpus
1222 2705 1404 2780 occupant,
1423 2703 1460 2754 ut
1492 2681 1600 2756 larum
1613 2685 1715 2783 fuiffe
1727 2716 1740 2772 ,·
1765 2690 1978 2786 etqualitate,
2000 2691 2131 2783 inquit,
2145 2682 2256 2779 primu
2274 2704 2361 2774 patre

597 2782 1457 2884 phthisis,hydrops‚cancer,(cuihaerefiscompara·
1493 2785 1584 2853 latim
1613 2789 1773 2876 erescere,
1805 2793 1966 2861 interdurn
1988 2788 2176 2862 uindicari,
2198 2778 2272 2878 post
2302 2777 2360 2851 ati

482 2890 484 2893 ’
594 2883 1459 2980 t'uraTimll.17.ingraecoeligangraeua)quorum
1497 2887 1649 2980 coniugio
1674 2891 1765 2986 quast
1785 2888 1968 2985 pestilentia
1989 2886 2139 2987 inrupit,
2163 2888 2278 2958 rioitar
2300 2884 2359 2952 ira.

493 3064 496 3068 ,
597 2987 633 3055 dt
651 2976 742 3052 causa
756 2986 790 3053 dt
802 3002 931 3077 tempus
943 3004 1011 3050 non
1026 2986 1069 3050 ita
1083 2982 1196 3051 erade
1213 2985 1321 3050 notari
1341 2981 1463 3077 potesl:
1496 2993 1620 3053 mutata
1640 3011 1650 3057 ε
1676 2991 1848 3081 imperinm
1867 3009 1911 3059 cx
1920 2987 2088 3086 justiffino
2115 2996 2213 3082 atque
2233 2986 2357 3076 optima

444 3181 468 3196 Ι.
530 3074 544 3090 ”
596 3079 689 3155 sicin
704 3080 924 3175 corporeillo
943 3078 1135 3173 myllico&
1159 3076 1340 3175 spirituali,
1368 3081 1459 3175 quod
1496 3081 1937 3184 erodeleintoleraadrrnque
1949 3086 2089 3184 fassura.
2120 3085 2231 3155 Livius
2257 3080 2357 3159 lib.l.

595 3180 642 3251 ell
658 3176 816 3263 ecclelia,
844 3182 993 3276 quaedam
1015 3185 1215 3250 mutationes
1237 3175 1310 3249 sum
1341 3176 1461 3251 subita·
1491 3180 1610 3255 bilior.
1627 3188 1870 3257 immutationis
1891 3187 1979 3257 illius
1997 3183 2086 3279 quast
2108 3179 2228 3280 gradus
2252 3201 2358 3282 quos·-
2392 3243 2395 3248 .

594 3279 835 3372 neae,quando
852 3297 964 3374 aperte
981 3285 1013 3350 ᾱ
1035 3274 1329 3365 subitoa'veritate
1344 3282 1378 3350 in
1393 3305 1460 3351 uno
1495 3284 1571 3351 dam
1590 3281 1777 3356 describens
1799 3288 1889 3357 addit
1909 3311 1919 3355 r
1944 3289 2088 3358 Lubente
2109 3287 2274 3376 paulatim
2301 3286 2355 3352 di-

593 3374 650 3448 'ael
667 3376 815 3472 pluribus
842 3375 988 3448 drticulis
1007 3377 1047 3447 ab
1073 3388 1141 3465 arno
1169 3377 1220 3447 vel
1241 3376 1394 3473 pluribus
1422 3378 1460 3451 lit
1491 3380 1629 3472 sriplina
1643 3388 1821 3479 diffidenter
1836 3409 1938 3457 moras
1947 3387 2059 3458 deinde
2072 3386 2354 3481 rangismngirqrte
2392 3435 2396 3440 .

596 3470 751 3559 secessio,
768 3473 987 3544 resilientibus
1011 3476 1082 3546 aliis
1106 3479 1168 3572 piis
1196 3483 1229 3549 ἁ
1251 3478 1454 3549 orthodoxis
1493 3479 2367 3577 insinuatarumruperuntpratcipites,donecati,

596 3574 761 3669 episcopis
778 3624 788 3657 ,
813 3573 963 3667 quaedum
982 3599 1065 3645 vero
1081 3579 1279 3646 imitationes
1296 3571 1367 3647 suut
1384 3574 1454 3647 len·
1488 3580 1585 3674 ipfiut
1600 3584 1778 3675 ,Augusto
1794 3597 1936 3676 tempora
1946 3636 1956 3670 ‚
1974 3581 2090 3677 paribus
2102 3604 2158 3650 rrer
2176 3584 2352 3675 virtusne,

593 3692 658 3756 tac,
683 3695 757 3767 quae
794 3677 953 3767 exiguum
975 3677 1121 3768 primum
1146 3674 1267 3745 habeut
1298 3679 1451 3763 initium,
1481 3701 1542 3747 arec
1564 3684 1703 3751 remedia
1726 3687 1995 3775 proripuerunt,
2028 3681 2219 3771 peroratum
2256 3679 2352 3780 msera

589 3768 806 3870 pollea'vero
838 3774 942 3865 uragis
971 3779 1141 3871 magisque
1166 3768 1315 3870 serpunt,
1341 3776 1451 3844 douec
1486 3773 1529 3846 stc
1553 3782 1589 3845 iri
1610 3778 1743 3850 ecclesia
1769 3782 1920 3852 Romana
1946 3777 2081 3877 iustguis
2111 3775 2195 3847 satia
2218 3779 2262 3848 eil
2288 3783 2352 3852 do·

588 3867 725 3952 tandem
750 3862 940 3939 universum
963 3867 1105 3943 ecclesiae
1126 3896 1248 3963 corpus
1274 3891 1450 3968 occupent.
1485 3874 1599 3945 dirime
1616 3883 1756 3948 mutatio
1774 3887 1807 3952 dt
1824 3877 2099 3971 afidemajorum
2115 3878 2352 3973 degeneratio,

586 3968 727 4038 llla'rum
744 3971 965 4039 mutationum
983 3967 1234 4042 circumstantias
1248 3975 1355 4040 notari
1376 3967 1451 4040 for·
1484 3995 1584 4085 quam
1607 3999 1646 4044 ex
1662 3972 1733 4071 ipso
1751 3998 1871 4046 eventu
1890 3977 2122 4048 &collatione
2143 4000 2219 4043 cum
2242 3977 2351 4049 ecele-

586 4083 621 4140 te
637 4060 790 4161 possunt,
807 4091 875 4135 uon
891 4086 1001 4138 autem
1023 4071 1157 4158 lrarmn3
1182 4068 1249 4163 jam
1269 4092 1351 4138 vero
1376 4094 1448 4139 mu·
1483 4076 1525 4140 lta
1542 4073 1692 4142 Romana
1712 4080 1842 4170 antiqua
1865 4075 2168 4168 deprehendimus,
2191 4073 2267 4145 licet
2285 4073 2350 4146 slu-

584 4170 693 4250 tatio,
722 4190 793 4260 quac
821 4169 855 4234 iu
873 4164 1007 4236 ecclefia
1030 4192 1090 4264 per
1107 4191 1238 4237 errores
1262 4168 1393 4263 papales
1412 4172 1446 4236 in
1507 4169 1576 4239 ulae
1591 4170 1679 4242 illius
1697 4177 1889 4242 mutationis
1902 4172 2160 4241 circumllautlas
2186 4195 2255 4256 uon
2273 4169 2349 4257 pos·

581 4288 660 4338 'eam
674 4263 884 4333 introdudlos
901 4271 1060 4362 contigit,
1080 4264 1125 4335 eti
1142 4263 1333 4361 pollcrioris
1346 4290 1446 4359 gertr·
1482 4194 1580 4337 dmm
1596 4292 1800 4344 enumerare,
1846 4265 1886 4368 6)
1901 4270 2099 4366 burgullinus
2122 4266 2346 4352 eptuxxtx.

581 4371 649 4439 ris,
664 4364 752 4433 uude
768 4361 933 4455 aposlolus
948 4368 1165 4457 pronunciat,
1192 4359 1393 4435 aTheslll.
1411 4388 1445 4450 7.
1467 4365 1521 4434 ,ad
1538 4368 1792 4456 Hieronymum
1817 4368 1859 4438 de
1883 4377 2006 4463 peccati
2030 4356 2202 4462 originalis
2224 4393 2348 4467 propa·

584 4464 676 4558 qnod
696 4458 846 4554 jamdum
867 4456 925 4529 suo
950 4485 1103 4556 tempore
1116 4462 1302 4557 mysterium
1323 4466 1445 4560 iniqui·
1478 4468 1615 4559 gatione
1637 4461 1820 4562 disputans,
1847 4467 2019 4538 hilloriola
2044 4457 2186 4564 quadam
2206 4466 2347 4538 illorum

583 4566 662 4635 iotis
678 4563 795 4658 peragi
808 4560 920 4654 suerit
944 4573 1091 4653 coptum,
1119 4563 1173 4628 ubi
1200 4554 1271 4655 ipso
1303 4566 1443 4631 nomine
1478 4567 1700 4635 tenteritatem
1726 4562 1868 4648 refellit,
1894 4571 1951 4660 qui
1985 4564 2102 4636 noluut
2135 4570 2348 4661 propagatio·

581 4657 731 4753 mullerii
756 4664 888 4744 innuit,
920 4658 1199 4741 antichristianum
1232 4659 1443 4732 dominatum
1466 4685 1556 4750 ¹netu
1573 4661 1664 4733 illam
1685 4668 1810 4759 peccati
1832 4665 2004 4761 originalis
2019 4665 2177 4745 credere,
2202 4660 2263 4735 nist
2288 4687 2347 4738 ex·

573 4765 615 4836 ·&
642 4756 772 4858 papales
797 4778 929 4829 errores
963 4757 1112 4843 occulte,
1137 4755 1289 4854 adeoque
1313 4765 1449 4833 nemine
1483 4761 1553 4832 atie
1572 4759 1698 4834 conllet
1718 4761 1760 4832 de
1781 4765 2030 4861 propagationis
2050 4760 2346 4862 modor'Elegaa-

1981 4879 2010 4892 ”
2284 4876 2339 4935 ser

601 4980 650 5059 (¹¹)
671 4975 839 5043 Sieurbonae,
853 4977 894 5033 ira
903 4989 996 5066 W
1011 4969 1217 5050 coafiremdinis
1228 4997 1259 5036 ea
1274 4976 1313 5055 est
1331 4996 1442 5047 actara,
1559 4994 1632 5042 tatus
1644 4986 1793 5056 Platinam,
1820 5003 1898 5057 quem
1915 4986 1998 5057 citat,
2018 4985 2132 5042 rotunda
2152 5002 2182 5041 ac
2202 4991 2289 5056 palam
2305 4991 2345 5047 ia·

660 5079 693 5121 arr
711 5079 766 5118 nan
778 5054 952 5135 intelligatur
969 5055 1124 5122 introduci,
1139 5055 1445 5135 sedaninadoertarrrr
1558 5077 1645 5129 tetur,
1660 5057 1801 5141 perspicer
1817 5062 1893 5121 illias
1912 5064 2039 5141 temporis
2059 5059 2209 5141 aoestrgm
2223 5061 2344 5127 &Petri

658 5138 834 5202 introdudla,
853 5155 904 5210 qua
920 5137 954 5193 de
969 5139 1043 5192 rausa
1058 5142 1136 5195 tacito
1150 5141 1274 5197 consensu
1287 5144 1386 5197 dicitur
1399 5145 1443 5197 ad·
1557 5140 1676 5200 mettun
1701 5133 1850 5220 disceffiffi3
1877 5140 1976 5201 horror
1998 5140 2038 5219 est
2060 5135 2172 5209 andire,
2202 5150 2259 5218 ait,
2284 5163 2343 5226 με

659 5224 774 5296 probari.
793 5224 811 5274 l.
834 5235 877 5286 3²·
896 5219 1003 5318 junstqi
1028 5234 1062 5286 35
1090 5221 1122 5274 ile
1136 5223 1176 5274 de.
1201 5225 1253 5278 LL.
1277 5218 1445 5279 'Nanctum
1558 5219 1646 5279 musra
1670 5236 1811 5300 perperam
1826 5237 1877 5298 per
1892 5233 1923 5276 aa
1940 5219 2037 5305 seme
2053 5214 2197 5303 pontefices
2211 5221 2273 5305 fin,
2297 5223 2343 5287 a.

661 5309 715 5360 vol·
733 5306 767 5359 ll·
786 5309 904 5367 generat,
920 5315 963 5369 ²7·
980 5314 1092 5367 ¹⁰i¹¹i¹²³
1114 5302 1148 5354 de
1170 5304 1354 5369 temporisne,
1376 5318 1444 5371 quae
1560 5303 1600 5358 an'
1618 5319 1647 5363 a.
1685 5305 1886 5363 &ansanum
1915 5307 1919 5313 '

657 5380 805 5441 isauricum
816 5376 1014 5435 I.&0ttenem
1023 5393 1148 5448 magnum
1162 5381 1443 5453 anteceliemnt,iml·
1714 5381 1719 5402 ¹
