5442 6225
4420 1562 4479 1629 it

1679 2180 1690 2191 ,
2089 1861 3269 2236 PRAEFATIO

1712 2295 2164 2502 En
2276 2303 2356 2498 1
2469 2301 2935 2568 ΤΟ
3050 2301 3412 2503 R‘1
3530 2303 3684 2508 S.

913 2781 1751 3066 ,Constitutum
1807 2805 2210 2949 quidem
2248 2811 2538 2921 nobis
2588 2837 2795 2920 erat
2809 2885 2840 2938 ‚
2909 2811 3106 2920 fine
3132 2808 3702 2950 praefatione
3753 2834 4143 2922 tomum
4180 2809 4527 2929 hunc.-

923 2994 928 2999 ’
1227 3017 1342 3090 ce
1386 2979 2091 3090 duodecimum
2141 2979 2462 3116 operis
2520 2977 3164 3089 Gerhardiani
3248 2978 3431 3084 tibi
3494 2982 3876 3088 tradere
3903 3041 3939 3108 -,
4018 2964 4491 3096 moron

925 3184 1056 3257 nr
1079 3184 1473 3258 Nevoi.
1499 3185 1551 3253 ε
1577 3220 1606 3270 ,
1639 3223 1648 3232 -
1676 3146 1952 3284 quod
1983 3143 2366 3251 nonnisi
2401 3147 2918 3258 continuat
2962 3152 3118 3272 id,
3180 3143 3456 3284 quod
3500 3146 3606 3252 in
3642 3151 3945 3284 priori
3974 3177 4257 3260 tomo
4297 3187 4491 3264 cce·
4714 3253 4719 3260 .

932 3349 1216 3465 ptum
1262 3315 1453 3450 jam
1492 3336 1736 3427 erat,
1803 3335 2494 3449 argumentum
2538 3308 2903 3424 scilicet
2945 3319 3073 3424 de
3107 3313 3466 3453 ecclqlia
3485 3387 3517 3439 ,
3564 3345 3815 3420 cum
3857 3316 4163 3453 priori
4213 3348 4490 3461 paroe
4582 3357 4586 3362 ·
4648 3407 4661 3412 -

921 3487 1123 3596 'loci
1183 3487 1305 3590 'de
1331 3481 1862 3620 ‘ministerio
1892 3475 2491 3620 ecclefiaJ‘thO‚
2614 3622 2618 3626 ῃ
2830 3619 2841 3628 ¹

1168 3650 1635 3757 ‘Vnicum
1683 3672 2014 3753 tamen
2052 3644 2379 3782 paucis
2418 3640 2645 3749 heic
2692 3644 3347 3753 monebimus.

1185 3811 1421 3954 'Ipsa
1450 3813 1746 3918 docet
1775 3808 2239 3948 inspeffio
2256 3882 2288 3934 ,
2347 3840 2532 3916 nos
2577 3803 3127 3918 tractationi
3181 3805 3886 3960 Gerhardianae
3924 3813 4053 3921 de
4100 3817 4490 3957 adeste,

936 4005 1279 4123 praeter
1315 3974 2090 4114 supplementum
2112 4048 2143 4100 ,
2208 3972 2481 4112 quod
2542 3973 2645 4075 in
2680 3971 3246 4108 praeiatione
3304 3976 3932 4115 praecedentis
3981 3985 4231 4116 tomi
4290 3985 4492 4118 jam

934 4140 1677 4285 promiseramus
1697 4212 1729 4264 ,
1793 4135 2329 4277 adjunxisse
2366 4140 3303 4250 commentationem
3320 4214 3352 4266 ,
3423 4173 3636 4280 quae
3685 4142 3809 4247 ad
3876 4144 4170 4252 alium
4204 4150 4493 4284 plane

938 4315 1267 4418 locum
1288 4380 1319 4432 ,
1385 4305 1654 4411 illum
1686 4305 2145 4410 nimirum
2195 4305 2320 4411 de
2321 4301 2620 4441 sacra
2669 4339 2929 4413 coena
2958 4306 3344 4445 spectat
3358 4382 3390 4434 ,
3481 4311 4151 4458 vindiciasque
4200 4312 4492 4453 obfer-

940 4481 1423 4586 vationum
1454 4473 1906 4579 adlocmn
1937 4471 2262 4611 Genes
2272 4477 2538 4585 XIV.
2575 4479 2749 4598 18,-
2784 4498 2947 4614 19.
2995 4470 3691 4610 complectitur.
4412 4461 4419 4467 ’

1220 4639 1857 4749 Occasionem
1888 4635 2121 4746 huic
2158 4639 2607 4777 scriptulo
2652 4638 2927 4743 dedit
2963 4635 3476 4745 differtatio
3512 4639 3593 4746 F
3608 4675 3917 4749 RANc
3938 4674 4120 4750 περ
4140 4679 4178 4748 1
4207 4642 4290 4751 F
4303 4679 4361 4750 ε
4386 4677 4492 4758 a.

941 4836 1480 4915 nlNANnr
1548 4804 2044 4929 wrm-11,
2111 4806 2512 4913 ecclefiae
2569 4798 3031 4911 Romanae'
3082 4803 3680 4944 presbyteri,
3776 4809 4074 4946 quam
4120 4808 4201 4913 is
4266 4840 4491 4920 ann.

945 4975 1192 5086 MD
1201 4967 1741 5084 CCLXXII.
1825 4951 1933 5077 in
2005 4970 2620 5081 universitate
2685 4966 3175 5112 Friburgo
3188 5030 3241 5056 -
3258 4971 3751 5113 Brisgoica
3810 5006 3997 5111 pro
4049 4969 4496 5110 suprema
4644 5041 4651 5048 -

2427 5173 2432 5177 ·
2790 5131 2898 5273 )(
3457 5170 3469 5182 ·
4215 5135 4511 5247 theo·-
