5442 6225
870 516 1013 620 noer,¹
1035 516 1184 595 xxm.
1233 516 1348 597 cnr.
1374 516 1436 604 xr.
1485 513 1557 590 on
1579 512 1751 590 noris
1773 514 2059 592 recursio

613 696 714 772 cellro
728 691 909 794 potestesse
932 701 1134 796 interrupta,
1157 696 1302 795 fimodo
1314 696 1476 769 dodrinc
1511 696 1542 768 la
1560 714 1708 796 exparte
1725 694 1889 782 ebllabat,
1913 696 2005 792 quod
2020 697 2225 793 temporibus
2244 698 2354 794 proni·

609 794 847 872 lueceliionem
862 796 1073 886 coniunilam
1088 796 1215 870 habeat.
1266 795 1382 868 Paulus
1396 795 1477 867 dicit
1510 801 1577 867 mis
1595 791 1779 873 sacerdotes
1793 797 1939 867 haretici
1956 801 1991 868 dt
2008 800 2154 890 graviter.
2168 803 2203 868 ln
2226 795 2295 866 lide
2310 819 2354 866 er·

617 897 742 970 eTim.
763 897 789 967 l.
808 920 838 973 3.
864 890 897 963 le
916 896 993 965 Deo
1011 888 1135 968 seruire
1157 923 1178 967 a
1183 897 1470 996 progenitoribus,
1507 914 1614 966 rantes
1635 887 1725 988 ipsos
1748 889 1996 990 praecellerent:
2024 898 2066 961 ita
2086 919 2222 992 quoque
2239 893 2357 966 doetri-

612 989 764 1072 lro'cell,
785 992 825 1062 ab
855 991 1067 1073 Abrahamo,
1094 989 1227 1082 isaaco,
1253 995 1382 1082 jacobo
1406 1000 1471 1067 dte.
1504 998 1573 1065 nali
1590 991 1638 1065 illi
1655 988 1872 1077 succriboni,
1895 1016 1959 1088 qua
1984 996 2030 1087 pii
2055 993 2355 1065 &orthodoxieo
2394 1068 2398 1091 Ι

610 1091 730 1189 probat
747 1115 831 1188 ergo
851 1087 956 1163 fidem
972 1089 1063 1163 suam
1077 1087 1275 1165 succeffione
1288 1099 1470 1188 interrupta
1504 1091 1608 1162 clesrae
1625 1089 1765 1162 minillri
1781 1088 1996 1185 apossolicam
2018 1086 2122 1160 fidem
2139 1089 2269 1168 fincere
2291 1115 2358 1163 am·

635 1215 672 1261 er
685 1191 941 1290 progenitores,
963 1194 1021 1289 qui
1046 1188 1178 1262 fuerant
1199 1216 1238 1262 ex
1256 1188 1340 1263 sedla
1358 1191 1470 1260 Phari·
1503 1189 1686 1286 pledlentes
1699 1183 2248 1284 succedunt,ueqrraquamobllat,
2263 1186 2357 1287 qnod

606 1215 771 1361 leonum:
797 1288 980 1384 Stephanus
998 1289 1077 1362 Adi.
1097 1289 1169 1359 Vll.
1184 1289 1224 1361 de
1244 1287 1321 1363 falsa
1343 1285 1469 1358 doctri.
1502 1287 1707 1384 temporibus
1731 1279 1955 1454 supperioribns
1971 1310 2029 1382 per
2047 1307 2245 1383 corruptum
2264 1291 2361 1391 mipi·

610 1411 653 1458 na
665 1383 833 1458 adcusatus
850 1385 890 1459 ad
909 1386 1138 1463 Abrotonum
1155 1407 1337 1482 provocat,
1364 1411 1381 1455 a
1398 1411 1466 1484 quo
1501 1383 1636 1457 llerium
1653 1380 1746 1456 succe
1772 1410 1807 1454 to
1823 1383 1879 1455 illa
1894 1383 1997 1456 fuerit
2015 1388 2208 1482 interrupta.
2223 1384 2360 1488 Qrem·

609 1488 770 1578 incipiens
789 1487 830 1554 ad
858 1503 1010 1581 tempora
1033 1482 1242 1578 Babylonica
1270 1490 1466 1582 captivitatis
1500 1482 1685 1555 admodum
1705 1482 1846 1578 apolloli
1874 1507 1892 1553 a
1915 1476 2113 1553 succeliion‘e
2135 1481 2229 1559 locali
2249 1490 2287 1558 dt
2303 1479 2362 1553 ex·'

609 1579 799 1670 descendit,
825 1601 922 1680 atque
941 1584 1018 1654 inde
1034 1583 1075 1653 ad
1090 1585 1144 1654 illa
1161 1609 1264 1682 usque
1285 1605 1464 1678 tempora,
1499 1598 1611 1669 terna,
1637 1606 1700 1678 qua
1717 1583 1881 1676 Caiapbas
1894 1579 2032 1678 gloriari
2055 1584 2205 1676 poterat,
2228 1582 2271 1653 ad
2283 1576 2362 1653 'sue-

608 1682 928 1779 inqn'tbusvixerat,
953 1710 1036 1764 400.
1052 1681 1185 1753 circiter
1205 1707 1310 1753 annos
1332 1703 1466 1779 praeter·
1499 1677 1679 1750 eelirouem
1707 1677 1916 1753 aoiirinotem
1944 1684 1979 1750 dt
2008 1685 2172 1751 internam
2192 1702 2360 1778 provoca·

608 1781 774 1878 grediens.
807 1778 1102 1872 Quemadmodum
1118 1786 1221 1875 igitur
1240 1776 1464 1878 apollolifnc-
1499 1779 1595 1864 roric,
1629 1776 1764 1872 quando
1792 1776 1924 1875 publice
1949 1776 2116 1873 protestati
2137 1775 2236 1865 sunt,
2267 1781 2358 1875 qaod

607 1900 685 1953 runt
708 1883 776 1949 veri
799 1880 1038 1974 prophetarum
1065 1872 1283 1965 succellores,
1308 1885 1386 1975 quia
1404 1877 1465 1947 do·
1498 1877 1582 1946 nibil
1596 1874 1877 1972 quidquomextro
1901 1901 1960 1952 eo,
1988 1879 2190 1972 quaellloses
2214 1874 2259 1973 83
2273 1900 2360 1971 pro·

606 1975 749 2048 dlrinam
773 1978 1030 2071 eorumpuram
1055 1981 1306 2073 &receperunt
1331 1984 1365 2049 dc
1388 2000 1465 2070 pro·
1495 1972 1612 2068 phetor
1624 1976 1750 2068 futuam
1777 1977 2045 2069 praedixerunt,
2084 1983 2248 2058 doceant,
2286 1974 2361 2046 Aet.

604 2093 795 2170 pagarunt3
822 2068 958 2145 fuerunt
983 2078 1054 2145 veri
1082 2078 1222 2145 daronis
1248 2070 1463 2158 lucceffores,
1500 2073 1619 2143 xxvt.
1638 2099 1693 2145 22.
1713 2097 1774 2142 nec
1795 2080 1990 2170 petierunta
2008 2077 2155 2171 Caiapha
2172 2072 2360 2145 ordinatio-

605 2172 796 2271 quiaftdem
811 2171 897 2243 illius
911 2169 1021 2243 sedisti
1038 2166 1110 2241 sunt
1119 2218 1129 2257 ,
1156 2170 1304 2245 licernec
1321 2174 1464 2268 prophe·
1499 2193 1600 2240 neum
1621 2175 1667 2241 ita
1682 2195 1816 2269 quoqne
1834 2173 1935 2244 h'odie
1951 2177 1984 2242 in
1999 2171 2141 2244 ecelesiis
2158 2170 2363 2269 evangelicis

605 2277 719 2343 tirnec
738 2275 863 2343 Aaroni
877 2269 1070 2341 immediate
1083 2275 1213 2341 ratione
1237 2274 1296 2346 loci
1313 2268 1465 2342 succede·
1502 2291 1520 2337 a
1539 2264 1737 2340 sueceffionc
1759 2272 1858 2343 locali
1880 2276 1914 2344 dt
1934 2271 2100 2366 personali
2114 2272 2157 2342 ad
2182 2266 2359 2345 suceeffioss

604 2389 704 2442 rent:
728 2367 896 2442 ficariam
920 2366 1240 2463 veriapollolorum
1271 2365 1466 2440 succellores
1504 2391 1582 2436 nem
1627 2371 1836 2441 dolirinolem
1876 2370 1966 2440 recle
2009 2388 2258 2466 provocamus,
2294 2390 2362 2440 nec

545 2474 547 2479 ’
603 2466 769 2559 judicandi
786 2463 947 2564 funt2qni
964 2464 1321 2540 dodlrinam&fidem
1336 2467 1468 2565 apollo-
1504 2466 1760 2559 apomilicibus
1789 2470 1949 2539 Romanis
1990 2469 2032 2539 de
2072 2464 2273 2541 suceeffione
2313 2465 2359 2534 ab

603 2560 719 2637 lorum
737 2570 769 2635 in
795 2561 919 2662 scriptis
935 2559 1082 2661 ipsorum
1107 2563 1380 2662 comprehensam
1404 2566 1463 2634 sm·
1502 2561 1659 2655 apollolis
1702 2563 1939 2662 gloriantibus,
1966 2570 2101 2636 interim
2128 2590 2212 2639 vcro
2255 2542 2358 2634 linia-
2389 2622 2396 2657 Ι.

592 2689 681 2757 cere
697 2662 1065 2759 amplelluntnr,licet
1078 2681 1248 2734 externam
1268 2666 1459 2737 &localem
1501 2662 1603 2754 pbam
1630 2665 1855 2742 imitantibus,
1883 2665 2129 2739 ordinationem
2171 2663 2227 2735 vel
2270 2682 2361 2732 con·

602 2758 1183 2835 illamluccellionemnonhabeant.
1233 2762 1460 2865 Qeruadmo-
1496 2757 1721 2832 firmationem
1739 2767 1892 2858 petimus.
1957 2766 2088 2859 Excipit
2113 2760 2362 2844 bellarminus,

539 2898 541 2903 ·
587 2857 952 2946 ·dum-dollrinoli{illi
981 2855 1191 2944 sucecffioni,
1220 2887 1283 2957 qua
1318 2859 1457 2954 apolloli
1486 2859 1703 2948 sacerdotium
1720 2867 1917 2935 Antoninon
1925 2858 2231 2958 fuiffetemporois,
2249 2857 2297 2934 &⁹
2295 2857 2361 2952 so·

600 2961 774 3059 prophetis
792 2963 825 3030 dt
844 2962 968 3028 Aartrni
993 2959 1132 3054 aliisque
1157 2965 1217 3054 piis
1239 2957 1460 3029 sacerdotibus
1495 2958 1558 3024 mm
1576 2958 1704 3056 deroffe
1725 2985 1825 3054 resque
1849 2967 1892 3032 od
1922 2965 2160 3033 inchoationem
2185 2985 2263 3034 nou.
2285 2957 2356 3054 test.

567 3139 572 3144 ,
600 3055 910 3144 tationemin‘tssetii
929 3053 1132 3136 ecclessassici
1145 3055 1377 3149 successerunt,
1390 3058 1461 3129 nul·
1496 3057 1643 3158 deinceps
1658 3058 1779 3158 copiffc
1781 3061 2003 3158 sacerdotium
2007 3061 2186 3158 secundum
2202 3061 2360 3140 ordinent

612 547 683 621 292

2265 3153 2358 3233 Mel·
2394 3251 2398 3266 1

1536 3344 1677 3399 nuliaeres
1694 3349 1777 3411 geilae
1787 3379 1801 3409 ,
1815 3346 1922 3400 sedsola
1940 3333 2063 3410 nomini,
2082 3341 2357 3416 eaquesubinde-car·

1524 3436 1626 3491 rupta,
1636 3425 1896 3484 commemorantur?
1919 3428 1953 3481 Ut
1964 3427 2016 3493 jam
2028 3428 2096 3480 baud
2112 3439 2272 3493 urgeamus,
2288 3422 2359 3474 ¹1¹⁰!-

1535 3515 1562 3555 ta
1580 3514 1699 3564 veterum
1711 3518 1972 3573 monumenta‚quae
1989 3507 2098 3560 fortallis
2116 3508 2208 3559 lueenr
2218 3503 2357 3573 quandam

1534 3582 1562 3636 iu
1579 3600 1607 3635 re
1624 3583 1730 3637 obscura
1749 3588 1892 3639 accendere
1912 3587 2066 3653 potuimus,
2087 3597 2239 3653 temporum
2257 3579 2360 3648 injuria

1533 3662 1632 3715 dudrrnr
1649 3666 1761 3731 pectilia.
1806 3666 1873 3719 Cum
1896 3665 1983 3733 itaque
2005 3665 2108 3718 summa
2126 3665 2187 3717 heic
2202 3671 2299 3729 regnet
2313 3673 2359 3713 re·

1531 3758 1591 3796 eunt
1604 3744 1779 3806 incertitudo,
1793 3745 1902 3798 exinde·

598 3339 602 3347 ”
639 3356 697 3405 turm
710 3344 929 3416 ordinatumque,
953 3351 1012 3406 cuni
1027 3345 1131 3400 nemini·
1146 3357 1217 3400 certo
1227 3345 1358 3408 comtes,
1377 3363 1465 3417 enm,

640 3442 655 3477 a
672 3443 724 3491 quo
741 3426 907 3495 baptizatus..
923 3426 1093 3480 confirmatus
1107 3421 1298 3495 ordinatusque
1317 3429 1463 3480 micham

638 3506 751 3557 habuill'c
766 3504 941 3556 intentionem
962 3505 1069 3572 politice
1083 3507 1241 3559 contrariam
1302 3508 1372 3571 Quin
1387 3508 1403 3559 sr
1419 3508 1460 3558 in·

640 3597 681 3636 ter
698 3594 737 3636 tot
751 3583 899 3649 episcopos,
921 3587 966 3650 qui
987 3584 1050 3635 inde
1062 3586 1094 3635 ab
1117 3601 1182 3635 aeuo
1198 3587 1341 3651 apostolico
1357 3586 1393 3637 ad·
1414 3603 1459 3636 no.

584 3693 588 3702 ·
637 3664 687 3714 lira
701 3677 784 3729 usque
806 3672 927 3729 tempora
943 3662 988 3716 irbi
1005 3663 1189 3725 successerunt,
1201 3682 1272 3718 uuus
1284 3667 1410 3719 dununxat
1421 3668 1461 3718 al·

639 3750 716 3793 terve
728 3741 783 3792 heic
792 3741 955 3809 peccaverit,
975 3754 1038 3809 quot
1052 3745 1144 3811 quael'o
1152 3744 1334 3799 ordinationes
1347 3746 1460 3808 irritae,

640 3832 706 3887 quot
718 3820 796 3874 irrita·
808 3821 964 3896 sacramenta
979 3822 1042 3874 iude
1065 3822 1222 3890 emergent?
1242 3830 1329 3895 litque
1346 3828 1392 3879 lrac
1414 3843 1455 3880 ra·
1503 3815 1510 3899 f

521 3944 531 3958 ,
639 3900 713 3958 tione
726 3915 807 3968 prona
823 3899 1077 3969 adpurrlrooismurn
1090 3905 1137 3956 uia
1152 3906 1291 3966 sternitur,
1302 3924 1380 3974 quem
1390 3924 1458 3976 pon-

638 3980 727 4035 tificiis
741 3979 800 4049 jure
816 3982 962 4051 meritoque
977 3980 1072 4049 objecit
1088 3986 1124 4049 Jo.
1141 3988 1317 4041 Atrrrousus
1336 3990 1454 4057 Tuane·-

637 4077 741 4121 nmus,
763 4061 901 4126 theologus
923 4062 1056 4130 quondam
1075 4063 1251 4128 (innovanda,
1272 4067 1300 4120 in
1326 4067 1456 4135 peculiari

582 4188 585 4195 .
636 4142 814 4195 dissertat-iona
827 4134 1059 4215 depyrrbouifiuo
1071 4137 1224 4217 pontificio,
1252 4163 1318 4215 quae
1333 4148 1457 4214 ejusdem

636 4212 877 4277 dilucidationibus.
885 4211 1078 4295 pbiloftplrico-
1092 4215 1208 4300 theolog.
1218 4240 1283 4280 tam.
1301 4221 1358 4281 tlt
1368 4238 1401 4300 pt
1412 4232 1454 4280 8¹.

630 4293 708 4382 Μ.-
723 4302 817 4361 inserta
830 4300 933 4366 legitur·
976 4302 1111 4360 Addimus

678 4461 720 4528 Χ)
740 4463 768 4517 dr
782 4464 856 4531 hoo,
875 4463 1057 4517 {incessionem
1083 4464 1156 4518 iliam
1172 4457 1360 4539 perfidelem..
1375 4479 1395 4516 a:
1407 4466 1465 4519 uo

637 4544 804 4598 maneulrbus
823 4553 960 4611 tantopere
975 4544 1110 4611 iaiiatam,
1131 4561 1211 4613 quam
1233 4544 1296 4598 inde
1308 4544 1339 4596 ab
1356 4544 1462 4612 aposto·

636 4625 723 4678 lunum
743 4639 808 4675 aevo
821 4622 952 4675 deducere
973 4626 1083 4683 uolunt,
1104 4633 1143 4676 tot
1159 4624 1293 4691 tantisque
1316 4623 1456 4677 difficulta-

634 4706 706 4760 tibus
719 4703 863 4763 historicis,
883 4702 1111 4770 chronologicis&
1123 4702 1224 4756 criticis
1240 4704 1289 4756 elle
1299 4701 1462 4765 involutam,

634 4800 709 4854 quae·
721 4782 836 4850 superari
859 4782 968 4849 prorsus
986 4791 1124 4849 nequeant
1164 4781 1275 4845 Quod-st
1292 4783 1364 4834 enim
1384 4792 1455 4835 vete.

635 4863 896 4931 numepiscoporum.
910 4863 1047 4928 catalogos.
1064 4877 1094 4913 ac
1110 4860 1255 4931 dypticha,
1273 4877 1341 4931 quae
1365 4863 1454 4930 tuper-

634 4945 719 5011 liunt,¹
733 4943 905 5002 evolvamus,
927 4950 1023 5008 quanta
1037 4942 1130 5009 quaeso
1152 4955 1239 4994 rerum
1255 4940 1313 4995 heic
1333 4942 1359 4993 se
1377 4942 1460 4995 nobis:

635 5023 698 5076 nuic
714 5020 893 5081 incertitudo..
906 5031 1018 5087 quantor
1035 5020 1141 5082 hiatus,
1161 5032 1453 5090 quotannocvacuos,

572 5109 576 5114 '
635 5102 680 5154 nbi
696 5101 768 5153 sedes
788 5115 802 5151 a
825 5100 932 5153 nemine
953 5100 1006 5152 luit
1025 5112 1169 5169 occupata,
1189 5111 1253 5169 quot
1279 5101 1461 5163 intrusorem„

574 5169 611 5258 ἰ
637 5180 835 5236 simoniacorum
850 5218 865 5241 ‚.
886 5178 1119 5238 schismaticorum,
1137 5181 1349 5243 baereticorum,
1373 5182 1465 5238 ironii-

539 5282 541 5286 ·
637 5274 751 5329 numque
767 5259 833 5314 ime.
841 5269 936 5315 torum.
948 5259 1075 5328 deprehen
1083 5259 1171 5316 dimus
1192 5264 1464 5332 exempla,.quorum.

1567 3899 1622 3973 xl)
1642 3905 1717 3957 bacile
1734 3914 1819 3973 patet,
1838 3916 2023 3972 argumentum
2039 3898 2242 3974 pontificiorum?
2256 3919 2274 3956 ι
2299 3900 2354 3955 sue·

1530 3984 1640 4035 eeffioue
1664 3985 1804 4052 episcopali
1823 3988 1953 4051 petitum,
1971 3986 2012 4036 sua
2033 3988 2102 4037 mole
2117 3999 2197 4038 ruere
2222 3993 2302 4052 atque
2322 3981 2357 4033 ln.

1531 4062 1631 4115 lumum
1650 4065 1729 4116 abire.
1770 4068 1862 4130 Longe
1877 4062 1986 4116 firmiori
2007 4075 2094 4117 autem
2120 4062 2294 4117 fundamento
2310 4076 2358 4113 ee-

1529 4143 1620 4195 clesiae
1635 4146 1694 4195 suae
1715 4144 1850 4196 ueritatem
1873 4145 2050 4210 superstruunt
2073 4144 2188 4210 theologi
2206 4141 2353 4210 protestan-

1534 4233 1590 4282 tes,
1620 4223 1773 4275 sucreffioni.
1791 4223 1936 4283 nimirum,
1955 4237 2033 4291 quam
2061 4232 2170 4285 vocant,
2189 4212 2355 4279 tdoddtt'nnlt'.¹

1533 4319 1611 4371 quam
1626 4302 1671 4355 sibi
1686 4303 1774 4354 lacere
1789 4304 1869 4369 probe
1882 4313 1993 4356 norunt.⁴
2030 4307 2102 4357 llaec
2115 4303 2188 4355 enirn
2203 4339 2213 4364 ,
2231 4299 2355 4368 uisum

1534 4377 1620 4436 arni
1632 4381 1686 4448 jam
1705 4383 1876 4450 monuimus,
1891 4393 1950 4435 utut
1965 4383 2079 4436 solitarie
2096 4381 2218 4450 spedata.
2240 4377 2355 4434 indubia·

1534 4478 1612 4515 uerae
1628 4461 1747 4515 eccleliae
1768 4471 1829 4514 nota
1844 4464 1897 4524 esi}v
1912 4479 1972 4514 cum
1991 4470 2082 4517 eontra
2094 4461 2213 4515 suceellio
2226 4450 2353 4533 persana·

1531 4537 1582 4602 tis,
1603 4542 1674 4595 livel
1695 4542 1813 4595 maxime
1837 4543 1945 4612 probari·
1966 4545 2066 4609 pollet,
2087 4541 2190 4594 nullius
2212 4549 2302 4593 temen
2320 4535 2357 4614 fit]

1531 4621 1673 4691 ponderis,
1695 4620 1717 4674 fi.
1726 4621 1905 4674 succellionem
1914 4616 2090 4675 deciriualem
2101 4619 2265 4688 conjunctam
2277 4615 2355 4670 baud

1530 4702 1630 4760 lrabeat.
1652 4702 1791 4755 Caeterum
1802 4702 1916 4756 conferri
1933 4701 1961 4753 in
1972 4703 2050 4755 hocce
2064 4709 2220 4767 argumento
2236 4697 2354 4752 omnino·

1531 4791 1648 4837 meretur
1663 4797 1698 4833 erc
1711 4779 2045 4848 ipsis-eccleliaellomanae
2059 4780 2233 4851 scriptoribus
2243 4781 2353 4846 melo·

1529 4880 1634 4922 neruus,
1657 4860 1800 4923 Bleseufis,
1824 4863 2043 4927 congregationis
2054 4860 2170 4917 Oratoril
2191 4860 2347 4932 presbyter,¹

1525 4943 1561 4996 in-
1573 4939 1764 4995 commentaria
1778 4936 1811 4994 de
1821 4933 1910 5014 fieris
1926 4935 2035 5012 ecclefiae
2049 4933 2267 4997 ordinatioribus
2273 4943 2357 5017 parc.

1531 5016 1640 5096 ILfol.
1652 5026 1708 5072 εει.
1719 5012 1796 5094 fiqp.
1832 5024 1877 5076 Ere
1897 5022 1945 5074 hec
1963 5021 2024 5091 ipso
2036 5020 2194 5074 enimlibro
2220 5024 2356 5092 praelian-

1533 5101 1864 5156 rillrmacootraacclelne
1883 5104 2020 5159 Romanae
2039 5101 2281 5160 innormarunt
2296 5101 2358 5175 poi.—

1531 5183 1766 5248 matusgumenta.
