5442 6225
882 553 952 629 an
978 551 1174 630 noenu
1212 549 1284 629 or
1310 554 1594 645 acernam.
1633 546 1637 553 ’
1840 546 1851 613 ·.
2086 594 2158 657 ιιι

380 696 1073 823 eaiannodn'eciplidiffiteriqueuut,
1089 722 1251 795 revelatio
1284 722 1475 823 promiscue
1503 728 1706 827 religionem
1740 732 1930 805 examinare
1964 753 2157 827 tenantur,

382 848 463 897 com
485 826 520 893 in
534 818 639 892 finem
658 820 732 893 data
750 818 785 893 fit
806 824 1020 915 homiuibus,
1044 840 1082 894 ut
1104 819 1162 893 sub
1189 818 1249 893 de·
1285 848 1430 921 quorum
1445 846 1557 898 tamen
1574 828 1728 925 plerique
1743 831 1784 901 ad
1801 834 1871 902 linc
1892 837 1995 931 inepti
2013 837 2098 919 fint.
2119 852 2155 920 dt

376 922 455 995 siro
476 923 613 1013 rationis
628 914 686 989 usu
700 913 939 1016 ctrgnoscatur,
963 916 997 989 id
1013 919 1104 1017 quod
1128 920 1250 1015 absque
1285 919 1525 1020 consequenter
1538 926 1596 997 has
1614 925 1668 997 vei
1682 924 1754 997 illas
1770 928 1937 1033 dodiriuas
1952 930 2156 1030 saepenume.

379 1018 441 1090 dili
467 1020 537 1089 inti
557 1015 645 1087 illiue
678 1022 829 1089 examine
850 1015 926 1087 lieri
954 1020 1099 1112 nequit:
1130 1040 1191 1114 per
1216 1011 1249 1086 se
1288 1044 1328 1090 ro
1349 1040 1505 1119 tanquam
1527 1018 1654 1094 divinas
1671 1023 1939 1123 anrpledlantur‚
1967 1057 2045 1129 quas
2066 1040 2150 1113 talea

379 1042 484 1189 (πῇ,
504 1113 722 1213 quteffigqfflr,
755 1112 778 1187 fi
803 1136 941 1185 „xamen
964 1114 1139 1211 religionis
1156 1118 1201 1202 in:
1216 1108 1249 1184 se
1288 1114 1352 1189 esse
1366 1120 1512 1215 probare
1531 1140 1714 1219 nequeant,
1738 1128 1860 1219 partim
1876 1129 1967 1224 quod
1987 1132 2073 1203 inter
2088 1136 2153 1211 alia

377 1210 562 1311 spediatum
574 1217 610 1282 in
626 1236 756 1283 errores
772 1216 974 1309 praecipitet,
999 1212 1117 1283 Deum¹
1137 1214 1250 1282 homi·
1287 1236 1481 1312 argumenta
1498 1242 1563 1315 pro
1582 1218 1752 1292 divinitate
1774 1223 1990 1298 articulorum
2013 1230 2153 1329 religIo·

379 1312 478 1384 nlbus
507 1330 561 1379 aut
587 1310 879 1406 praellantill'uuum
912 1313 1047 1379 rationis
1069 1305 1164 1380 usum
1184 1314 1249 1380 erl·
1287 1320 1336 1384 uis
1345 1312 1386 1384 ad
1399 1314 1627 1389 tellimonium
1636 1318 1775 1415 Spiritus
1788 1315 1889 1393 sanni
1898 1328 2154 1427 internumpro·

377 1405 1067 1602 iilia{¹¹23:¹¹llllqll'll‘li'liil‘.
1084 1406 1248 1576 {llil}
1284 1411 1637 1608 lill‘vlt...i?ll⁹.
1654 1434 1925 1589 illiniti
1944 1424 2154 1601 {dimissi
2300 1486 2305 1497 '

400 1608 514 1675 uosvis
547 1626 677 1674 errores
703 1626 886 1699 precavere
910 1597 1065 1673 debuisse.
1130 1601 1249 1699 Neque
1285 1623 1365 1678 tant.
1392 1606 1456 1678 Sed
1474 1611 1665 1707 nequehaec
1683 1607 2151 1699 adcusatiocausautnolltam
2191 1636 2197 1653 '

346 1754 351 1761 -
378 1630 433 1773 illa
456 1704 674 1797 ingeniorum
694 1699 902 1771 imbecillitas
926 1718 1013 1770 tanta
1038 1692 1186 1770 absolute
1215 1704 1249 1773 dt
1287 1700 1554 1777 labefadlareaut
1571 1727 1720 1780 evertere
1746 1710 1862 1804 poteil.
1927 1716 2149 1814 Praeterquam

380 1798 448 1873 fine
473 1804 568 1869 omui
595 1798 800 1870 rellridlione
825 1795 1250 1881 dicendaell,ur.·ad1n·
1283 1804 1378 1870 euim
1407 1801 1499 1897 quod
1521 1801 1684 1899 obligatio
1711 1810 1913 1903 religionem
1937 1820 2149 1891 exarniuandi

378 1896 442 1969 bita
463 1901 563 1967 etiam
579 1899 673 1969 oruni
686 1898 857 1993 diligentia
871 1900 905 1966 dt
917 1888 1110 1983 attention'e,
1126 1893 1250 1993 paucis·
1285 1915 1357 1969 tum
1369 1896 1411 1967 ab
1422 1896 1495 1995 ipso
1507 1898 1584 1970 Deo
1595 1900 1750 1973 omnibus
1764 1905 1907 1995 injundia
1920 1906 1969 1997 fir,
1979 1932 2048 1983 turn
2066 1939 2149 2010 pro-

380 1992 451 2069 fimi
472 1996 601 2065 bonum
625 2018 642 2062 a
664 1994 779 2080 rrralo,
798 2017 914 2063 verum
931 2016 949 2061 a
969 1987 1055 2064 salso
1071 1990 1246 2088 dignosce·
1285 2013 1358 2089 pter
1376 1990 1482 2091 ipsum
1493 1994 1617 2081 finem,
1640 1997 1680 2069 ad
1696 2023 1797 2096 quem
1817 2002 1912 2073 nobis
1931 2006 2023 2095 dara,
2037 2008 2148 2109 sangu-

380 2116 413 2164 re
427 2088 567 2189 poffiur.
627 2091 805 2163 Excideret
824 2086 912 2257 sarae¹
924 2092 991 2161 hoc
1020 2090 1129 2260 moqp
1150 2090 1242 2209 Deus
1283 2090 1535 2261 lissiqnufania
1561 2100 1595 2168 ἃ
1608 2094 1844 2214 ῑῃῆξΰῗθῑῑῧῑη
1859 2098 1963 2265 plebis
1979 2106 2147 2227 Ῑὶοῑῃῗῃῖῧ·

378 2183 1241 2383 reuisurumusulis,usu
1282 2214 1342 2372 s:
1365 2205 2146 2390 uun,ussus..sursulus

379 2388 524 2457 veritaris
543 2388 578 2455 iu
594 2379 701 2480 ipsum
725 2311 924 2454 redundaret
942 2435 953 2467 ,
1000 2381 1068 2454 uod
1093 2388 1243 2479 cogitare
1284 2382 1426 2457 lutarem
1441 2388 1510 2455 veri
1527 2408 1565 2455 ac
1582 2384 1674 2474 salli,
1686 2394 1720 2462 dt
1734 2389 1962 2465 dodlrinarum
1977 2391 2058 2469 scitu
2072 2425 2145 2477 cre·

379 2478 469 2579 nefas
491 2478 548 2553 cll.
598 2480 699 2579 Qud
721 2504 803 2551 vero
825 2407 1054 2552 addissenlum
1076 2480 1172 2552 illurn
1195 2498 1245 2551 at·
1285 2478 1423 2581 dituque
1446 2476 1698 2556 necessariarum
1717 2491 1946 2585 cognitionem
1990 2503 2144 2573 ervenire

378 2586 477 2668 tinet,
505 2584 563 2677 qui
579 2582 668 2650 iuter
685 2574 772 2674 ipsos
789 2578 945 2649 dodorea
967 2578 1138 2677 religionis
1152 2579 1241 2649 obti-
1284 2590 1427 2676 queant3
1447 2580 1675 2653 testimonium
1693 2582 1776 2656 illud
1794 2588 1933 2682 Spiritus
1953 2516 2076 2680 suni,
2098 2597 2143 2669 ad

378 2690 484 2763 neat,'
499 2682 536 2750 dt
567 2676 679 2748 multis
699 2676 808 2749 litibus
830 2696 869 2747 ac
891 2675 1125 2749 controversiis
1148 2674 1240 2747 sores
1259 2724 1262 2745 .
1283 2678 1375 2774 quod
1390 2700 1574 2775 provocare
1588 2673 1699 2749 solent
1724 2674 1961 2777 protellanres,
1992 2709 2046 2761 aaut
2064 2717 2138 2767 non

377 2778 501 2875 aperiat
509 2794 520 2866 3
545 2768 617 2845 Iatls
635 2775 759 2845 conllat
776 2826 786 2859 ,
802 2784 889 2845 'eum
916 2779 1036 2871 partim
1055 2796 1115 2871 per
1135 2770 1237 2871 ipsam
1279 2773 1471 2873 intelligunt
1493 2774 1658 2871 pontificii
1679 2799 1735 2848 aut
1765 2778 1932 2855 malevole
1959 2790 1993 2858 dt
2027 2811 2144 2865 contra

375 2874 422 2945 rel
439 2890 594 2943 naturam
615 2894 686 2942 non
712 2870 903 2945 evitabilem
930 2870 1015 2950 esse,
1039 2898 1116 2945 enni
1134 2873 1237 2945 multa
1278 2893 1427 2947 mentem
1449 2871 1639 2944 noilrcrurn
1659 2873 1901 2973 theologorum
1924 2884 2153 2983 interpretato..

372 2966 479 3043 intio
494 2962 590 3040 saeris
609 2968 751 3054 litteris,
776 2992 867 3066 acque
892 2990 929 3039 ac
949 2974 985 3040 in
1000 2969 1074 3040 eliis
1093 2965 1237 3063 discipli·
1276 2989 1342 3046 tur.
1389 2968 1488 3043 Nihil
1507 2972 1596 3041 euim
1616 2968 1705 3040 aliud
1722 2996 1783 3068 per
1803 2974 1886 3046 illud
1904 2978 2141 3148 intelligimus,

335 3133 342 3166 ἢ
374 3071 450 3146 nis,
476 3063 1236 3166 qucintelledludifficiliorasrot,partimnou
1278 3090 1379 3172 quam
1407 3063 1510 3164 ipsam
1539 3070 1772 3162 operationem
1800 3069 1978 3169 gratiosam
2026 3086 2143 3176 piritue

373 3185 499 3238 nutum
520 3161 604 3249 elle,
630 3184 789 3260 quantum
806 3164 853 3230 illi
870 3160 1016 3249 faciunt,
1037 3188 1114 3232 curn
1130 3167 1236 3234 anaxi-
1277 3163 1403 3246 lancti,
1429 3187 1501 3260 quae
1522 3187 1598 3234 cum
1620 3163 1725 3237 verbo
1754 3167 1872 3239 divino
1899 3167 2030 3268 semper
2047 3185 2140 3254 unita

374 3285 461 3336 marn
478 3283 607 3360 partem
624 3267 711 3330 eirca
727 3259 883 3354 dogmata
900 3254 1130 3330 secundaria&
1147 3283 1235 3355 quae·
1277 3259 1342 3344 eil,
1367 3260 1628 3356 &perverbum
1648 3263 1829 3351 omnibus,
1851 3271 1908 3362 qui
1933 3269 2017 3342 illud
2043 3274 2140 3346 debi-

373 3345 491 3432 Ilionei
508 3358 649 3429 minoris
659 3361 821 3428 momenti
835 3351 999 3437 versetur,
1022 3349 1237 3450 sedrespeclu
1275 3376 1305 3425 ra
1327 3378 1406 3425 cum
1422 3355 1641 3453 adplicatlone
1658 3362 1813 3451 traslaut,
1837 3363 1983 3438 divinam
2003 3379 2140 3444 certitu·

325 3391 330 3528 l
374 3459 612 3552 plerorumque
626 3454 843 3524 articulorum
860 3451 958 3540 fidei,
986 3453 1135 3619 inprimis
1151 3474 1235 3522 vero
1277 3450 1391 3524 dinem
1407 3477 1445 3525 ae
1461 3450 1755 3550 fidemingenerat.
1805 3461 2138 3562 Exquoquidemsa.

325 3565 328 3580 '
373 3553 694 3636 sundameuraiium,
721 3547 911 3621 universalis
931 3547 1004 3622 sere
1029 3555 1152 3620 rtiuter
1172 3573 1236 3619 cce·
1277 3553 1317 3620 tis
1337 3550 1464 3621 clarum
1481 3548 1548 3629 eil,
1573 3573 1731 3647 quantum
1753 3561 1838 3627 inter
1858 3560 1942 3632 illud
1960 3569 1994 3635 dt
2018 3563 2138 3639 sanari.

334 3671 340 3686 ·
374 3671 422 3725 tur
439 3644 816 3722 clariIliauoscnnsensro
831 3652 959 3742 (131),
971 3653 1089 3744 partim
1107 3652 1140 3717 iu
1150 3640 1236 3743 ipsos
1277 3669 1399 3717 corum
1418 3646 1533 3736 latmeu
1552 3651 1719 3750 internum
1743 3651 1919 3728 discrimen
1942 3664 2137 3746 intercedat,

347 3817 355 3828 ,
373 3769 476 3822 corus
494 3749 637 3820 Romani
650 3746 806 3817 duriores
821 3771 890 3816 non
903 3749 1011 3816 suiuus
1024 3770 1060 3815 ac
1073 3739 1237 3842 scepticis·
1276 3742 1441 3814 incumbit
1455 3747 1555 3838 igitur
1566 3745 1747 3838 pontificiis
1763 3773 1847 3824 onus
1863 3757 2044 3848 probandi,
2063 3765 2138 3860 Spi.

371 3871 466 3920 mum
484 3864 582 3942 atque
606 3839 918 3914 indiffereurifiuum
943 3843 1063 3937 rriajori
1086 3842 1158 3938 jure
1181 3865 1234 3913 rc·
1274 3844 1377 3912 ritum
1391 3835 1537 3911 Iarrdlum
1555 3845 1623 3911 vim
1640 3848 1674 3914 dt
1691 3841 1968 3924 ellicaciarusuavu
1986 3855 2137 3938 divinam

372 3949 524 4040 torqueri
541 3939 655 4038 posse,
679 3947 725 4012 uri
744 3967 782 4011 ex
797 3944 855 4029 iis,
880 3965 951 4037 quac
970 3937 1064 4038 supra
1088 3941 1231 4010 diximus
1274 3942 1445 4009 inanimis
1472 3940 1652 4008 bominum
1677 3942 1710 4008 in
1738 3949 1888 4013 examine
1904 3947 2136 4033 dodlrinarurn

324 4039 341 4128 J
370 4043 575 4142 §.XXXI
592 4039 721 4110 abunde
735 4059 832 4136 patet.
891 4040 1234 4112 Adenuoniuerro·
1272 4036 1352 4107 fidei
1367 4032 1566 4106 versantium
1583 4053 1637 4105 aut
1658 4059 1729 4105 non
1747 4034 1931 4132 polle,aut
1956 4069 2027 4120 non
2046 4052 2154 4126 velle·

368 4139 752 4240 respraecipltat,aurvel
770 4136 920 4208 dubitare
935 4137 988 4208 vel
1005 4135 1178 4208 humiliter
1191 4135 1232 4204 de
1273 4131 1440 4206 exserere.
1491 4133 1657 4203 Neutrum
1678 4151 1787 4204 autem
1806 4163 1882 4208 cum
1913 4139 2064 4230 valeant,
2088 4163 2141 4222 te.

324 4281 325 4294 .
368 4237 536 4336 religione
550 4232 671 4307 sentire
695 4234 794 4306 docet
819 4257 957 4305 examen
981 4234 1172 4330 religionis,
1196 4251 1231 4302 ut
1273 4236 1455 4324 merariunr
1468 4229 1513 4300 eil
1533 4234 1581 4300 rei
1600 4227 1696 4327 iplius
1714 4231 1922 4306 exilientiaur
1938 4241 1973 4307 in
1992 4239 2135 4322 dubium

367 4341 479 4432 potius
499 4335 802 4406 melanurus&
822 4333 900 4402 Deo
922 4356 959 4404 ac
973 4333 1114 4403 homine
1133 4327 1233 4426 digna
1273 4353 1411 4414 vocare,
1437 4347 1490 4398 aut
1502 4323 1791 4424 prorsusnegare,
1812 4337 1846 4404 dt
1864 4334 2002 4432 quidem
2015 4361 2055 4409 ex
2068 4344 2136 4418 han

368 4437 418 4504 via
436 4429 476 4506 lit
498 4430 539 4503 ad
560 4423 731 4503 veritatem
756 4436 819 4502 rire
844 4430 1002 4530 sedeque
1027 4423 1231 4528 cognoscen·
1273 4422 1345 4498 sola
1366 4431 1495 4497 ratione
1509 4475 1520 4510 ,
1536 4425 1777 4518 quodmodum
1796 4433 1843 4499 rei
1860 4434 2029 4528 ignorant.
2061 4440 2134 4513 Ne.

367 4529 458 4604 dam,
1274 4550 1338 4623 que
1351 4545 1433 4594 vero
1452 4521 1491 4592 ad
1509 4525 1576 4592 hoc
1590 4549 1694 4596 uuum
1713 4523 1816 4596 fidem
1833 4527 1977 4602 nollrarn
1992 4529 2145 4609 adilrin·'

1274 4629 1400 4718 gimus,
1423 4613 1478 4690 sed
1495 4643 1572 4714 cum
1590 4644 1632 4690 eo
1644 4620 1707 4692 alia
1729 4623 1887 4698 credendi
1908 4633 2033 4720 motiva
2048 4657 2133 4705 con.

413 4727 451 4826 ς.
468 4729 708 4804 XXXVIII.
740 4726 856 4798 Teri'·
872 4719 1040 4818 objee‘lio,
1057 4725 1229 4819 quamviac
1271 4723 1461 4817 jungimus,
1485 4743 1527 4789 ne
1551 4716 1716 4816 ueliquis
1738 4723 1794 4792 laic
1816 4724 1869 4792 vel
1893 4725 1939 4794 ibi
1960 4735 2051 4798 ortus
2072 4723 2132 4818 Iit,

369 4831 530 4899 examinis
548 4846 707 4908 movent,
732 4818 973 4914 sarratieismum
995 4822 1044 4890 illi
1063 4825 1229 4919 impingit.
1272 4813 1386 4889 abuius
1398 4811 1492 4887 ustum
1506 4741 1606 4888 rdllit.
1655 4819 1737 4902 Qua
1749 4818 1886 4914 quidem
1899 4825 1987 4892 viam
2003 4831 2131 4898 erranti.

366 4921 417 4994 Ad
437 4927 505 4997 boc
522 4925 731 5022 probandum
750 4922 874 5016 duplici
896 4919 1171 4990 mediorermluo
1194 4945 1232 4990 u·
1270 4923 1320 4990 nis
1338 4918 1380 4987 ab
1404 4918 1498 4986 omui
1514 4909 1708 4987 fanaticisrui
1735 4912 1920 5010 suspicione
1947 4914 2023 4992 satis
2045 4922 2131 4995 libe·

364 5009 478 5097 tuntur
486 5027 628 5124 ,partim
638 5023 728 5120 quod
745 5044 787 5092 ex
804 5019 921 5090 noliris
932 5021 1102 5116 principiis
1112 5041 1233 5090 omnes
1269 5035 1362 5187 ran&
1386 5011 1663 5112 cujus-praedicate
1684 5013 1827 5088 ecclesus
1843 5015 2009 5090 'nomana
2032 5025 2130 5189 oqnui

322 5193 323 5202 ἵ
497 5191 503 5202 ι
1145 5201 1152 5220 ὁ
1189 5129 1194 5144 ·
1362 5138 1424 5193 e3
1590 5139 1593 5144 ·
1662 5157 1666 5166 ·
1804 5177 1810 5190 .
2017 5139 2055 5188 re
2068 5141 2128 5217 pe·

321 5245 324 5314 f
381 5219 1225 5326 ’(131)νίἀ.Ἧιιιιιηυιιδξίῑηοίοωνοῥὶεὖὶήυᾶ-
1317 5237 1359 5297 cio
1377 5237 1429 5296 dac·
1446 5237 1523 5332 supra
1536 5235 1651 5294 laudata.
