5442 6225
609 502 743 618 socr.
770 506 814 584 r.
865 498 1118 575 spectrum
1142 500 1206 574 nu
1230 451 1836 643 succussrouu'nerscomu}

1990 516 2115 608 '303

446 690 472 747 ir
492 705 533 745 ee·
653 685 688 778 ᾖ.
716 685 869 758 CXCVI.
882 681 1218 787 ,membrumserrr-
1251 682 1470 781 controuerso
1485 685 1597 759 melior
1612 684 1657 780 est
1672 687 1813 760 corditio
1824 683 2115 787 possidendam*
2166 731 2169 736 ·

446 768 554 827 {mm
606 780 690 856 dotti.
741 785 833 876 Num
855 787 889 854 in
914 779 1049 854 ecclelia
1064 782 1217 852 Romana
1244 782 1312 876 siai
1326 795 1455 870 arerem,
1479 785 1876 880 episcoporetrtirolieos'irr
1891 785 1984 861 mollo
2003 790 2115 888 legiti-

452 842 535 999 suffi·
605 875 1216 979 vigeatapollolicasucceffio‘lNrtllo
1251 907 1301 953 mo
1311 883 1437 984 judicio
1461 879 1522 980 effe
1541 881 1741 960 dominice?
1764 899 1801 957 oi
1821 887 1878 984 ipfi
1905 888 2115 986 odeosaiorer
2217 955 2222 964 .

446 942 486 1063 ff}
606 979 646 1070 eli
665 981 904 1077 oerosmeesfio
922 979 1043 1075 cispite
1063 1003 1141 1051 trem
1158 984 1214 1050 do·
1245 982 1351 1073 sorti,
1377 1006 1446 1055 erote
1458 980 1600 1079 judiees.
1635 969 1743 1082 'Quis
1765 986 1849 1058 crrim
1867 1007 1921 1057 ror
1948 986 2113 1079 constiteris

604 1077 738 1168 lirino,
770 1076 880 1152 scribit
902 1077 1110 1174 stapletonus
1136 1076 1215 1149 loco
1239 1084 1370 1181 jtrriires
1385 1080 1533 1168 uestros?
1556 1074 1653 1178 Resp.
1671 1083 1761 1168 idem
1786 1088 1928 1155 omuino
1947 1087 2112 1183 Caiaphas

446 1189 507 1256 jme
523 1181 640 1250 citato.
689 1174 1212 1254 lta&uosdicimus‚nullaell
1248 1203 1326 1251 cum
1340 1176 1400 1251 suo
1413 1177 1568 1251 sodalitio
1608 1177 2116 1279 otuilietChrillo&rpollolis

446 1273 625 1364 opollolicc
639 1271 795 1347 succeffio
814 1279 935 1375 absque
958 1275 1107 1346 dodrina
1130 1299 1210 1365 apo·
1247 1277 1410 1368 objicere:
1437 1278 1500 1374 Per
1515 1296 1566 1349 tot
1580 1203 1687 1349 leculo
1706 1274 1908 1376 polledimus
1919 1282 2111 1357 cathedram
2170 1316 2175 1323 ·

446 1400 482 1461 a,
506 1377 629 1470 quippe
647 1398 718 1472 quat
736 1375 780 1445 eli
797 1375 885 1473 quast
907 1380 1017 1444 anima
1039 1367 1211 1443 succeffio·
1246 1376 1349 1450 Molis
1368 1376 1526 1476 pacifice,
1554 1400 1638 1472 ergo
1658 1400 1729 1447 uon
1743 1374 1912 1474 pollumus
1930 1403 1968 1451 ea
1984 1387 2112 1477 privari

456 1475 532 1558 Jaru
550 1496 631 1541 vero
653 1472 827 1566 pontifices
840 1476 983 1545 Romani
995 1467 1209 1543 secessionem
1247 1473 1308 1546 nili
1327 1474 1480 1572 legitime
1491 1474 1679 1568 judicemur
1694 1498 1732 1546 ac
1746 1474 1945 1548 damnemur
1954 1532 1966 1567 ,
1979 1504 2056 1551 uam
2073 1484 2112 1558 in

446 1589 499 1642 unt
522 1569 706 1642 adodlriua
730 1572 933 1666 apossolica,
969 1590 1013 1640 ur.
1027 1594 1067 1639 ex
1084 1564 1212 1665 scriptis
1248 1578 1343 1645 omui
1367 1571 1592 1644 controversia
1614 1571 1740 1643 melior
1767 1573 1812 1645 ess
1831 1572 1984 1648 conditio
2011 1574 2110 1675 poffi‘·

446 1668 575 1740 ›lorum
587 1667 715 1768 liquido
730 1667 1071 1766 deruoullrareparati
1087 1666 1211 1749 sumus,
1247 1669 1373 1757 dentis,
1397 1661 1524 1742 couslar
1547 1689 1658 1755 aurem
1684 1694 1746 1758 uos
1778 1677 1812 1742 iu
1836 1670 1932 1742 nullo
1952 1673 2109 1771 legitimo
2184 1681 2189 1686 ’

451 1766 669 1839 dellituuutur
697 1793 775 1838 vere
796 1769 975 1865 apollolica
994 1762 1205 1838 luccell'roue.
1244 1767 1373 1866 judicio
1389 1765 1454 1840 elle
1467 1769 1640 1840 damnatos
1651 1822 1663 1856 ,
1690 1772 1762 1864 quis
1781 1772 1871 1840 euim
1885 1794 1946 1841 nos
1970 1773 2110 1847 drrnnr-
2171 1786 2210 1852 .'
2250 1769 2253 1774 ’

450 1862 527 1936 dest
542 1862 595 1933 vel
612 1871 760 1936 maxime
774 1866 1001 1938 demoullreut
1016 1862 1158 1935 localem
1174 1869 1208 1937 ἀ
1245 1874 1291 1938 vit
1308 1889 1428 1965 praeter
1450 1866 1621 1938 Clrrilluru
1639 1874 1672 1937 dt
1694 1864 1889 1965 apollolos?
1913 1893 1945 1939 at
1965 1865 2025 1967 ipss
2049 1872 2109 1943 ad·

446 1961 552 2033 nalem
569 1962 609 2032 ab
624 1963 780 2059 apollolis
792 1962 1044 2058 luccell'ronem,
1072 1986 1140 2032 uon
1160 1982 1192 2032 to
1243 1963 1408 2038 cusatores
1435 1960 1508 2036 sunt
1529 1991 1597 2035 nou
1627 1968 1763 2053 judices.
1817 1966 1899 2063 Qis
1929 1975 2018 2042 enirn
2049 1995 2133 2057 eos⁸

446 2057 511 2132 lint
530 2066 599 2131 veri
624 2062 854 2159 apollolorum
879 2057 1076 2133 luccellorcs
1090 2073 1106 2136 ,¹
1129 2066 1206 2155 quio
1241 2065 1408 2136 coullituit
1422 2065 1546 2155 judices
1560 2063 1689 2133 uollros
1705 2065 1721 2137 l
1735 2062 1800 2135 Sed
1818 2065 2107 2159 quemadmodum

446 2164 534 2231 inam
548 2158 687 2231 illorum
701 2161 896 2257 repudiant,
915 2186 952 2231 ac
968 2185 1053 2230 nova
1066 2158 1206 2256 dogma·
1241 2157 1438 2235 Christus&
1454 2160 1593 2257 apolloll
1616 2158 1773 2258 negledlo
1796 2165 1886 2232 lurni
1902 2159 1963 2235 illo
1979 2162 2105 2238 subter-

446 2255 550 2340 rssolis
572 2255 668 2353 plane
686 2265 826 2357 ignota,
853 2279 967 2353 utpote
992 2257 1034 2329 de
1054 2259 1205 2328 trorlitio·
1239 2258 1338 2358 fugio
1352 2287 1392 2334 ex
1412 2260 1516 2332 verbo
1529 2260 1594 2330 liei
1609 2282 1740 2329 errores
1752 2254 1989 2358 phariseorum
2001 2313 2013 2353 ,
2027 2261 2107 2336 leri·

450 2354 744 2454 humanislcripto
764 2345 828 2431 Dei
849 2358 953 2428 verbo
970 2357 1203 2453 exsequendis,
1242 2360 1356 2430 barum
1382 2366 1416 2434 dt
1437 2351 1647 2429 sacerdotum
1668 2378 1874 2455 arguerunt,
1900 2362 2106 2437 &remilla

446 2478 555 2527 >erum
579 2461 733 2542 moritis,
765 2457 806 2527 de
836 2452 1109 2528 lrtisftetionibus
1125 2480 1204 2552 pro·
1237 2453 1438 2529 succellioue
1462 2456 1624 2527 dodlriuae
1650 2450 1809 2528 Mesaicae
1834 2463 1871 2530 ἁ
1899 2464 2134 2559 prophetica„

467 2554 509 2623 de
525 2554 757 2649 indulgentiis,
782 2555 823 2626 de
836 2559 1054 2651 purgatorio,
1075 2549 1200 2623 demis·
1236 2552 1457 2640 fiuceritatem
1478 2552 1651 2651 complexo
1669 2575 1726 2626 eos
1740 2553 2105 2648 dellituidemoullra-

447 2694 448 2710 t
467 2648 656 2740 defundis,
684 2660 717 2724 dt
742 2651 802 2722 alia
821 2655 915 2751 plura
939 2677 1064 2748 ruagoo
1081 2671 1202 2724 conatu
1236 2674 1314 2725 runt
1335 2680 1344 2727 ε
1366 2660 1410 2726 ita
1426 2657 1460 2725 ἃ
1482 2677 1543 2724 nos
1560 2650 1748 2749 polllrabito
1761 2650 1825 2723 illo
1842 2655 2036 2730 Belltrmiui
2051 2657 2107 2732 ef·

446 2768 563 2846 ignitur.
621 2752 754 2847 Excipit
774 2753 1014 2837 Bellarminus3
1042 2748 1202 2847 odmtffo,
1238 2749 1334 2850 fugio
1347 2778 1388 2823 ex
1408 2750 1513 2822 verbo
1538 2752 1603 2821 Dei
1617 2745 1757 2823 'errores
1776 2751 2032 2845 pontificiorum
2050 2782 2107 2830 ar·
2144 2838 2148 2848 ,
2203 2811 2206 2816 ,

446 2854 482 2945 fit
496 2850 646 2935 dolium,
673 2850 782 2947 elifii
808 2853 975 2943 ttrmfides
989 2904 998 2937 ,
1013 2871 1201 2945 quanquam
1236 2858 1391 2948 guimas,
1419 2872 1544 2947 eosque
1561 2873 1637 2921 vera
1654 2848 1711 2920 illa
1727 2845 1930 2924 succeffione
1943 2854 2104 2929 dodiriutc

446 2970 504 3023 ror
525 2948 787 3048 certissimumest
811 2947 890 3047 effe,
915 2949 1202 3043 iomtnepiscopos
1236 2950 1423 3046 apollolicae
1449 2952 1672 3044 integritatem
1698 2944 1864 3044 spedlante
1887 2950 2017 3025 dellitui
2046 2954 2104 3027 de·
2150 3011 2154 3019 .

447 3053 533 3130 teor,
560 3053 618 3146 qui
630 3071 692 3142 per
705 3060 753 3117 iot
761 3050 874 3142 secolo
890 3048 1202 3146 possederuntsedes
1236 3048 1469 3120 monstramus.
1521 3048 1560 3118 lu
1579 3047 1698 3117 divinis
1716 3051 1806 3119 euim
1819 3072 1889 3121 uon
1905 3056 2009 3123 currit
2017 3076 2105 3150 ρης

446 3140 576 3237 deifice,
593 3173 660 3221 eron
670 3144 761 3243 poffe
780 3153 825 3221 eis
837 3152 989 3243 privari,
1015 3147 1075 3245 erss
1092 3147 1196 3246 legiti-
1235 3142 1398 3241 scriptio,
1429 3144 1480 3233 (i)
1506 3170 1565 3216 erte
1595 3151 1730 3218 ueritati
1758 3151 1973 3241 praescribere
1994 3152 2104 3248 polest

446 3251 592 3321 iireerirrr
616 3272 653 3318 tre
675 3253 879 3320 damnemur.
929 3249 1022 3320 Nitor
1054 3250 1089 3318 itt
1113 3247 1199 3322 omui
1223 3245 1372 3341 spatium
1391 3255 1568 3336 temporum
1589 3243 1641 3318 orl
1653 3247 1846 3339 patrocinia
1864 3249 2100 3344 personarum,

446 3548 628 3630 rescriptionis
641 3563 802 3616 vocabulum
812 3577 847 3614 ex
864 3558 924 3628 jure
938 3558 1114 3614 consultorum
1125 3557 1196 3614 sciro·
1235 3626 1238 3631 Ι

447 3638 468 3690 lt
489 3637 649 3701 delumtunr,
668 3642 830 3711 deuotatque
846 3642 874 3694 iu
901 3642 971 3694 seusu
993 3639 1106 3707 juridico
1129 3655 1201 3693 acce·

446 3712 591 3770 reiutmodt'
603 3721 800 3795 exceptionem,
820 3735 873 3794 quo
882 3710 1003 3794 poffiffirr
1023 3715 1143 3793 alicujus
1159 3716 1202 3771 rei

446 3810 504 3849 rere
515 3788 647 3867 probandi
663 3795 809 3852 dominium
814 3793 896 3874 fitum
902 3797 962 3853 ideo
971 3792 1116 3861 liberatur,
1130 3792 1205 3874 quod

451 3870 531 3946 fiere
542 3886 593 3949 per
618 3872 731 3953 longum
757 3879 884 3952 temporit
902 3871 1036 3952 spatium,
1056 3872 1123 3933 lione
1145 3871 1202 3950 fide

446 3949 617 4088 Zeeritulo,
637 3972 670 4010 cc
688 3952 765 4011 trulla
775 3957 973 4012 interveniente
987 3955 1202 4019 contrediiiioree,
1223 3992 1227 4001 ,

531 4029 621 4101 llocce
641 4039 794 4091 vocabulum
808 4039 841 4092 ad
856 4037 980 4105 dogmata
999 4037 1069 4090 sacra
1089 4035 1203 4107 adplice-

452 4104 613 4167 rerenriore's
634 4118 757 4171 nonnulli
787 4130 872 4172 coetus
896 4117 1011 4173 Romani
1033 4117 1201 4177 defensores,

446 4194 532 4246 rrimte
551 4197 713 4250 Aurtreuue
730 4199 883 4252 acl’errrus
901 4199 943 4249 de·
961 4199 1200 4264 wenerannus,

446 4287 471 4325 es
484 4274 805 4338 notescerem-Batavi,
825 4293 860 4330 ert
879 4277 970 4330 illustri
981 4286 1059 4343 gente
1072 4277 1143 4334 noti.
1154 4277 1199 4342 qui

449 4363 476 4405 te
489 4354 619 4420 religione
631 4357 784 4410 Reformata
800 4358 833 4410 ad
846 4358 966 4413 ecclefiae
983 4364 1118 4410 Romanae
1131 4357 1200 4408 secra

446 4429 552 4505 ierunt,
581 4440 661 4502 utque
685 4437 893 4492 Romauerrsrbus
914 4436 993 4488 fidem
1021 4436 1091 4487 suam
1107 4434 1200 4503 probe·

446 4549 453 4572 ,
484 4527 582 4564 novem
605 4515 791 4575 convertendi,
819 4532 886 4584 quos
910 4526 1005 4569 vocant
1037 4510 1198 4576 haeredem,

459 4590 596 4650 inierunt,
614 4610 681 4660 quae
695 4596 787 4648 vocari
810 4595 875 4647 alias
898 4597 960 4669 lolet
978 4594 1118 4648 marbodus
1130 4605 1199 4665 prte-

446 4667 542 4732 re‘orrt's‚
561 4670 677 4741 itemque
689 4668 954 4728 Wolerrburclrianm'
995 4675 1036 4727 lio
1052 4690 1115 4726 vero
1131 4672 1200 4724 redit

446 4749 512 4802 odon
526 4750 592 4817 ilie:
613 4768 629 4805 a
645 4753 788 4823 pontificiis
801 4763 925 4824 tauquam
947 4756 1073 4810 incusatis
1097 4753 1197 4818 eligen-

453 4832 505 4883 elie
526 4829 596 4882 viam
619 4833 798 4888 defensionis.
823 4834 1027 4904 negantiumque
1057 4831 1196 4885 sumendus

446 4925 476 4970 e,
496 4925 579 4978 quum
594 4910 745 4966 diuturnam
755 4912 887 4966 doitriuae
905 4915 1098 4982 pollelliouem,
1116 4926 1144 4963 ac
1152 4910 1196 4978 jus

446 4985 649 5061 riptionisprae
664 4995 688 5045 se
705 4994 824 5046 habeant.
845 4996 919 5047 Duae
938 4993 1027 5063 itaque
1043 4992 1102 5044 heic
1110 5005 1195 5043 emer·

447 5069 621 5135 quaestiones,
661 5074 750 5128 Prima
767 5074 824 5133 est:
845 5087 881 5126 ort
888 5064 1069 5147 prescriptio,
1092 5085 1150 5143 prtae
1165 5069 1195 5120 ire

446 5142 496 5200 irus
508 5142 629 5216 obtinet,
645 5151 676 5206 itt
692 5146 772 5205 rebus
796 5165 901 5226 quoquc
911 5143 980 5222 fidei
998 5145 1111 5206 oeieet?
1131 5151 1196 5203 alte·

446 5243 478 5280 ro
494 5229 547 5282 huc
566 5232 699 5286 redium
715 5224 884 5308 prescriptio
891 5265 901 5296 ,
902 5225 935 5306 β’
945 5227 983 5288 ati
990 5248 1033 5288 res
1042 5223 1195 5306 odreligr'e·

2047 3353 2100 3426 oei
2182 3356 2185 3361 ’

1274 3541 1490 3629 rtemspeiiomes
1507 3542 1694 3618 extendetur,
1714 3545 1817 3630 cereffae'
1831 3545 2036 3631 Romerrenfiipu
2049 3552 2103 3633 fle·

1275 3649 1353 3698 veae,
1380 3646 1428 3688 rtec
1445 3626 1507 3687 rte?
1531 3636 1649 3690 Priorem
1672 3634 1850 3705 quaestionem
1872 3637 2020 3703 negendam
2035 3640 2102 3705 elie,

1275 3726 1383 3769 rumex
1401 3717 1615 3772 Teuruuurrtsr
1639 3716 1808 3777 rellimouio,
1835 3716 1906 3786 quod
1922 3717 1999 3787 ssrptn
2018 3720 2103 3777 uddu-

1275 3797 1317 3850 xit
1334 3797 1543 3851 Gerasenos,
1562 3809 1620 3851 turn
1638 3811 1704 3848 uero
1724 3812 1759 3848 ex
1782 3795 1838 3865 ipio
1852 3807 1947 3850 nature
1966 3808 2046 3868 atque
2059 3801 2103 3855 lu·
2190 3864 2193 3869 ⁴

1275 3876 1337 3929 dole
1360 3869 1570 3949 prescriptionis
1584 3877 1732 3929 luculenter
1745 3885 1826 3944 patet.
1865 3879 1939 3931 Haec
1951 3879 2051 3949 quippe
2064 3882 2102 3935 ita

1276 3966 1426 4025 comparate
1439 3957 1490 4013 eli.
1512 3965 1540 4007 ut
1555 3966 1658 4008 tanturn
1679 3955 1709 4007 in
1726 3957 1823 4023 rebus,
1842 3955 1954 4021 quaein
1981 3958 2102 4011 domiui·

1277 4037 1327 4090 elle
1347 4037 1473 4105 poliunt.
1494 4036 1582 4086 lorum
1601 4031 1695 4100 babere
1709 4046 1802 4100 queat,
1822 4031 1976 4101 neutiquam
1993 4051 2056 4090 vero
2067 4038 2102 4090 ad

1278 4117 1344 4170 alies
1358 4130 1420 4183 res,
1439 4129 1468 4167 ac
1485 4109 1606 4164 omnium
1619 4112 1730 4164 minime
1742 4114 1775 4165 ad
1791 4111 1873 4180 iplrus
1894 4113 2032 4180 religionis
2053 4108 2103 4170 ue·
2186 4110 2197 4151 s

1275 4183 1377 4264 gotium
1394 4193 1505 4246 extendi
1518 4202 1604 4260 queat.
1641 4192 1688 4247 Ad
1702 4194 1811 4245 alteram
1822 4201 1910 4245 tutem
1924 4194 2102 4261 quaestionem

1273 4274 1368 4344 paucis
1385 4284 1526 4341 notamus,
1547 4270 1698 4340 pontificios
1715 4273 1756 4325 vel
1774 4287 1831 4324 eam
1849 4272 1883 4325 ob
1893 4273 2022 4325 rationem
2041 4279 2101 4330 uui.

1273 4357 1329 4408 lum
1349 4355 1378 4427 iu
1392 4345 1592 4427 prescriptione
1609 4353 1708 4404 trullae
1723 4351 1784 4404 luae
1810 4351 1965 4419 praesidium
1989 4353 2101 4421 habere,

1272 4433 1400 4502 quonium
1420 4442 1459 4486 tot
1476 4427 1681 4483 intervenerunt
1699 4431 1755 4483 litis
1772 4430 1974 4484 coutcllotioues
2000 4437 2100 4491 etelli-
2145 4467 2154 4483 t

1272 4513 1321 4566 bus
1338 4510 1458 4567 veritatis
1480 4524 1527 4578 per
1549 4510 1639 4561 omnia
1655 4511 1739 4563 secula
1755 4509 1855 4577 saitae,
1872 4510 1967 4577 quilius
1981 4517 2098 4580 potiano

1271 4593 1422 4652 diuturna,
1441 4606 1521 4659 quam
1533 4599 1671 4657 tantopere
1691 4589 1807 4658 jaditant
1830 4589 2028 4664 Rouraueusee,
2048 4596 2101 4650 sae-

1271 4673 1373 4740 plllrme
1388 4671 1521 4743 variisque
1536 4667 1625 4721 modis
1636 4669 1686 4722 luit
1703 4669 1860 4736 interrupte.
1895 4670 1990 4733 Plura,
2012 4676 2043 4727 ob
2058 4679 2101 4732 iu.

1270 4751 1352 4805 ilituti
1370 4751 1450 4803 noliri
1464 4749 1618 4805 brevitatem
1635 4764 1690 4799 non
1713 4734 1854 4808 addimus,
1876 4747 1918 4801 led
1939 4751 2099 4823 leilores,s1

1270 4828 1339 4884 lorte
1363 4830 1513 4884 uberiorem
1534 4825 1613 4895 hujus
1638 4825 1788 4895 argumenti
1808 4827 1989 4882 evolutionem
2011 4832 2100 4902 leg‘efe

1269 4910 1583 4975 volumintmhlcgamus
1599 4905 1632 4958 ed
1645 4899 1858 4991 differretiorrem
1874 4900 2099 4978 historico-tirco-

1268 4983 1322 5063 iog.
1335 4986 1369 5044 de
1384 4982 1505 5044 methodo
1518 4975 1731 5060 proscriptionis
1744 4979 1782 5038 ed
1796 4979 1921 5060 dogmata
1946 4990 2041 5066 rerq‘ue
2053 4989 2101 5070 fir.

1268 5083 1329 5122 cros
1343 5065 1500 5143 adplicata,
1523 5078 1603 5134 quam
1635 5064 1692 5117 heic
1721 5063 1858 5130 Tubiugae
1880 5067 1980 5130 edidit,
2001 5076 2099 5132 nostro-

1270 5164 1321 5215 que
1339 5150 1383 5203 sub
1406 5145 1535 5217 proclidio
1553 5144 1673 5198 defendit
1691 5147 1731 5202 nl·
1746 5145 1858 5202 Ceron.
1874 5147 1963 5206 Fero.
1981 5154 2098 5210 Enere-

1269 5242 1413 5284 rmrrorus
1422 5262 1433 5300 ‚
1452 5226 1495 5283 vir
1510 5222 1677 5279 dedidimus.
