5442 6225
679 516 842 600 asor.
868 517 911 592 v.
956 514 1208 600 sencinum
1231 513 1296 589 nr
1320 514 1633 595 successione
1652 494 1925 603 ,urrscornrc
2057 616 2064 637 .
2129 523 2197 608 με

427 693 658 795 iugulem&
675 669 994 794 sliaquamplurimr¹
1010 678 1295 769 nrauifellecbm-
1329 698 1372 772 eb
1398 668 1557 800 apollolis
1580 726 1651 773 non
1673 646 1884 773 desterrdnnt.
1934 698 1977 789 a)
2001 694 2074 768 Nec
2097 693 2197 763 Petro
2267 751 2269 755 .

427 797 583 891 probant.
1265 844 1267 849 ·
1328 801 1556 899 inreliquosa
1581 800 1799 886 olloloe,uec
1818 795 1972 893 pontifici
1983 795 2141 867 Romano
2160 793 2197 859 in
2291 870 2295 879 .

752 952 754 957 -
774 914 785 929 “
1045 973 1047 976 ,
1327 895 1480 996 reliquos
1499 826 1672 998 cpilcopoe
1691 897 1928 991 jurisdictionis
1951 889 2111 990 supremae
2132 911 2197 986 po·

722 994 759 1086 §.
787 992 877 1065 cc1.
904 987 1092 1073 Quomodo
1107 1012 1190 1063 vero
1210 1013 1292 1090 pto·
1326 994 1425 1069 tellus
1439 997 1485 1069 ell
1500 999 1603 1091 dete,
1627 1014 1664 1069 ut
1680 996 1720 1068 sb
1738 993 1800 1067 illo
1821 992 2116 1067 confirmationem
2137 1000 2196 1083 pra
2308 994 2312 1005 '

427 1086 596 1227 mm
675 1089 729 1162 bat
753 1088 971 1162 bellarminus
994 1087 1163 1162 miuillros
1181 1087 1287 1161 eccle·
1325 1113 1397 1168 tere
1415 1094 1568 1172 debeant.
1597 1087 2195 1190 ‘Omues'apolloliaChrillo,uon

427 1265 630 1407 ζητῇ,
679 1286 772 1360 irone
788 1285 993 1386 apostolica?
1017 1288 1168 1388 Qumor
1186 1288 1295 1385 hypo·
1330 1293 1542 1392 evangelium
1571 1292 1735 1386 ablegeti3
1760 1316 1778 1360 a
1804 1288 1941 1363 Curillo
1960 1293 2087 1387 igitur,
2120 1303 2192 1353 non
2302 1288 2305 1299 '

675 1188 796 1261 barum
816 1187 1002 1261 oollrarum
1016 1185 1153 1259 destitui
1169 1181 1293 1259 lucces-
1329 1212 1441 1269 autem
1464 1219 1483 1266 a
1508 1196 1609 1268 l’etro
1627 1193 1739 1267 vocati
1758 1187 1848 1277 suut,
1874 1197 1906 1265 dt
1937 1188 1976 1263 ed
2000 1180 2197 1261 docendum
2349 1256 2358 1269 ¹

453 1405 571 1486 finum
679 1382 786 1460 theses
819 1391 934 1483 ponit,
966 1410 1007 1457 cx
1036 1384 1295 1483 quibuscomes
1329 1392 1464 1464 al‘etro
1482 1391 1699 1490 apollolicam
1710 1390 1942 1461 tutioritetem
1958 1389 2193 1465 obtinuerunt,
2342 1464 2347 1471 ἱ

678 1509 740 1556 uos
769 1502 1031 1583 argumentum,
1070 1482 1162 1581 quod
1194 1504 1293 1556 vocat
1328 1496 1508 1586 quatiere
1528 1490 1753 1587 alibiplenius
1780 1486 1963 1567 tradatur..
2003 1487 2042 1576 ς)
2065 1480 2193 1575 Requi·
2257 1527 2260 1531 -

427 1579 614 1678 insolubile,
641 1579 800 1655 deducit:
830 1594 863 1671 ι)
877 1580 1007 1682 Ecrlrfin
1028 1581 1215 1675 nonpoteji
1230 1579 1293 1681 effe
1326 1593 1356 1659 ri
1374 1591 1413 1660 ed
1431 1613 1545 1663 verum
1562 1587 1828 1672 ordinationem,
1854 1596 1914 1670 ut,
1940 1585 1998 1682 qui
2009 1583 2059 1679 fit
2070 1577 2198 1676 episcm'

427 1687 490 1755 ullo
510 1685 692 1784 modostue
703 1683 886 1777 pastoribus
900 1681 947 1757 fn
964 1681 1132 1779 episcopis.
1179 1688 1220 1770 a)
1237 1681 1291 1754 lili
1320 1711 1409 1779 pus,
1431 1688 1572 1761 utribus
1588 1688 1743 1785 episcopis
1768 1682 1958 1769 ordinetur,
1982 1686 2041 1779 qui
2064 1677 2111 1754 ἔθ’
2131 1675 2192 1779 ipfi

427 1778 486 1855 loli
501 1783 536 1852 in
552 1779 669 1874 erclrfin
676 1782 804 1875 semper
818 1781 921 1853 babiti
929 1784 1072 1868 suerunt
1088 1782 1157 1852 ueri
1171 1780 1292 1879 episeo-
1314 1789 1388 1902 pert
1400 1789 1442 1857 ob
1456 1786 1531 1860 eliis
1552 1791 1715 1872 ordinati,
1733 1783 1781 1861 θ’
1800 1779 1849 1855 iili
1863 1785 1905 1855 nb
1919 1783 2013 1860 otiis,
2037 1784 2136 1853 doner
2146 1778 2192 1850 od

427 1881 458 1951 ni
473 1880 568 1973 ,poi
585 1881 626 1949 ob
642 1883 789 1974 opotiolir
804 1904 870 1973 per
883 1883 1060 1978 legitimum
1068 1878 1290 1973 surreffionene
1325 1883 1487 1981 apostolos
1505 1892 1739 1978 pervenietur,
1763 1883 1852 1956 unde
1874 1881 2010 1954 tandem
2036 1875 2211 1977 probabit

427 1974 724 2066 &ordinationem
740 1979 928 2076 descendisse
946 1977 1207 2068 ostendebantur.
1251 1981 1292 2068 3)
1326 1986 1578 2062 bellarminus?
1611 1988 1773 2081 Euagrius
1798 1976 1970 2078 episcopus
2000 1977 2192 2054 Antiochino

427 2077 478 2151 Ut
494 2074 662 2172 episcopus
678 2079 796 2174 aliquis
812 2082 941 2149 dicotur
959 2079 1001 2150 ab
1019 2074 1172 2171 apostolis
1184 2075 1293 2173 legiti·
1327 2081 1368 2151 ab
1386 2085 1527 2178 antiquis
1551 2082 1756 2158 habebatur,
1772 2106 1790 2150 a
1809 2082 1947 2150 Socrate
1959 2076 2016 2152 lib.
2031 2078 2074 2151 V.
2089 2100 2117 2146 c.
2132 2098 2190 2156 ις.

427 2199 472 2245 rrr
489 2177 693 2272 descendere,
709 2177 782 2271 xcirco
799 2179 1033 2272 requiruntur,
1051 2200 1150 2248 ununr
1164 2174 1292 2269 elisur·
1328 2180 1368 2249 ob
1387 2182 1605 2274 Hieronymo
1637 2186 1672 2252 in
1698 2179 1791 2251 catal.
1815 2185 1850 2252 &
1888 2175 1983 2264 eliis,
2011 2181 2047 2248 dr
2075 2191 2190 2246 temen
2222 2246 2227 2253 ,

427 2275 532 2368 ruffio,
567 2271 706 2348 alterurn
727 2279 902 2349 ordinatio.
951 2277 1101 2369 Sueceffio
1129 2276 1291 2371 requirit,
1327 2279 1571 2351 Tlreodorems
1589 2277 1630 2350 de
1647 2303 1689 2351 eo
1705 2274 1816 2351 scribit
1836 2275 1893 2350 lib.
1903 2277 1945 2347 V.
1959 2298 1989 2345 c.
2009 2298 2066 2353 23.
2084 2295 2189 2343 eumn

427 2387 461 2445 et
477 2377 615 2470 ἐμμὶ
636 2399 734 2448 uerus
757 2376 927 2472 episeopus
954 2372 1067 2448 deberi
1093 2376 1200 2468 rupit,
1213 2371 1292 2467 suc·
1329 2380 1474 2452 Paulino
1494 2374 1598 2473 solo,
1624 2402 1694 2449 non
1725 2375 1881 2448 adhibitis
1907 2372 1979 2443 aliis
2007 2367 2207 2469 episcopis,=

427 2477 520 2547 redut
537 2474 882 2567 uelutiruiopostolo,
905 2469 1092 2561 oelelteri,
1121 2474 1291 2570 quennli·
1326 2494 1474 2547 croatum
1493 2472 1557 2547 elle
1570 2470 1774 2573 episcopum.
1832 2472 2051 2571 Gregoriusl.
2076 2472 2191 2565 Augu·
2256 2512 2258 2516 .

427 2574 498 2669 peis
512 2569 770 2670 opoliolusferit
787 2574 1000 2669 episcopum,
1027 2576 1078 2646 uel
1095 2585 1130 2643 ut
1146 2573 1205 2661 fiet
1224 2575 1290 2666 epi·
1325 2573 1412 2647 ssino
1435 2573 1664 2646 Cantusrietnsn
1695 2566 1886 2669 rescripfit,
1912 2567 2075 2665 episcopor
2099 2569 2191 2654 ilios,

427 2670 593 2766 tenpusat
605 2695 675 2769 eo,
698 2675 754 2769 qui
774 2676 871 2746 iubet
883 2669 1089 2767 apostolicam
1111 2671 1292 2746 auuoriea·
1325 2676 1384 2771 qui
1394 2674 1497 2768 primi
1519 2675 1556 2744 in
1570 2674 1694 2771 Anglio
1714 2674 1893 2745 ordinandi
1913 2680 2025 2755 eruut,
2042 2670 2110 2768 fine
2123 2670 2192 2762 tpi-

427 2768 508 2856 tent,
535 2773 593 2866 qui
614 2768 761 2865 ettsoiur
778 2782 939 2846 Romanus
958 2771 1128 2867 pontifex.
1188 2772 1291 2847 Ordi·
1314 2772 1429 2871 scopis
1452 2774 1683 2861 ordinandos,
1707 2771 1765 2850 lib.
1786 2770 1860 2843 ΧΠ.
1882 2768 1973 2868 cpill.
1997 2793 2054 2847 st.
2107 2766 2192 2839 Pro-

427 2872 517 2967 sotio
536 2873 695 2966 requirit,
721 2882 782 2955 ut,
807 2875 864 2967 qui
878 2870 928 2968 fit
945 2872 1132 2966 episeopus,
1157 2867 1293 2943 ordine·
1325 2889 1424 2971 vocat
1448 2869 1668 2944 bellarminus
1691 2868 1734 2940 ad
1748 2892 1929 2941 ,cunonem
1967 2863 2192 2963 apostolicum

427 2981 482 3059 tur
502 2992 523 3038 n
544 2966 650 3042 tribur
672 2973 845 3064 episcopis,
865 2975 923 3067 qui
943 2967 990 3045 fs
1006 2969 1147 3070 ipſsſsnt
1160 2969 1290 3044 eduliis
1325 2976 1501 3071 primumi
1524 2967 1580 3042 led
1602 2993 1745 3043 canones
1764 2965 1815 3039 illi
1831 2964 1904 3039 lunt
1923 2961 2191 3064 suppofititii,ut
2255 3039 2261 3045 ,
2310 3014 2315 3023 -

427 3069 592 3157 ordinati,
619 3065 666 3143 θ’
681 3072 743 3172 ailli
763 3072 803 3140 ub
825 3071 918 3156 aliis,
941 3074 1040 3144 donee
1058 3074 1102 3143 od
1132 3066 1290 3165 aposlolus
1327 3070 1441 3144 multis
1451 3075 1656 3168 argumentis
1679 3066 1832 3164 adeoque
1848 3091 1891 3164 err
1907 3061 1980 3164 ipso
2001 3065 2073 3162 jure
2089 3084 2191 3138 ceno·

427 3169 592 3244 erniutur.
644 3169 688 3257 4)
714 3171 859 3268 Antiqui
879 3170 1031 3242 baeretici
1060 3170 1294 3265 consueverunt
1326 3174 1405 3240 nico
1426 3193 1496 3263 cap.
1520 3182 1573 3241 16.
1587 3168 1658 3241 dill.
1682 3196 1710 3240 r.
1727 3171 1836 3239 evinci
1874 3164 1968 3256 orell.
2025 3163 2192 3234 Provocat

427 3269 550 3356 irritari
571 3268 731 3365 errlrflnrn
757 3271 791 3339 in
822 3273 1033 3342 ordinatione
1055 3273 1291 3364 episcoporum,
1327 3268 1368 3340 ad
1384 3268 1425 3341 ll
1451 3264 1624 3364 epissolam
1647 3266 1819 3354 elnacleti,
1844 3191 1900 3337 led
1923 3262 1980 3335 ills
2000 3280 2037 3333 ut
2058 3266 2093 3335 dt
2111 3259 2193 3332 reli·

427 3367 497 3442 ideo
513 3376 624 3460 potres
645 3392 712 3439 non
732 3365 1010 3464 reprehenderunt
1032 3370 1067 3441 in
1090 3368 1139 3441 bie
1164 3367 1227 3467 nist
1240 3365 1292 3439 de·
1351 3391 1401 3437 uae
1418 3361 1599 3438 decretales
1627 3364 1774 3463 epillolae
1798 3360 2041 3437 recentioribus
2071 3354 2191 3452 seculis

427 3463 763 3563 teffumsucrrffionis.
816 3478 865 3542 Ex
880 3467 997 3567 quibus
1012 3471 1078 3543 tole
1097 3468 1222 3567 colligit
1235 3489 1289 3541 or·
1327 3393 1348 3537 Ρ

427 3575 635 3668 peruenturi:
659 3567 839 3637 Lutlreruni
850 3568 990 3665 episcopi
1009 3594 1075 3642 non
1096 3568 1217 3641 debent
1236 3588 1288 3641 or*
1323 3559 1560 3642 demonstrant.
1613 3563 1652 3638 lu
1666 3564 1783 3636 eadem
1803 3561 1896 3662 epist.
1905 3561 1986 3635 dicit
2003 3555 2193 3649 boecletus,

427 3666 621 3740 iinntionern
638 3689 697 3737 ner
707 3664 930 3760 sucreffionern
948 3670 990 3741 ob
1015 3667 1187 3764 apostolis,
1211 3688 1288 3764 ergo
1316 3663 1501 3761 secerdotes
1512 3664 1679 3761 ebtisnrntt
1691 3670 1863 3763 ungendos
1883 3658 1963 3760 effi,
1986 3656 2120 3759 quondo
2134 3679 2189 3733 ot·

427 3763 595 3859 ron-sunt
606 3762 766 3865 episcopi,
794 3764 840 3838 89
852 3790 915 3858 per
927 3763 1121 3865 consequens
1133 3771 1226 3861 opud
1237 3791 1290 3840 eor
1323 3768 1507 3851 discuntur,
1522 3789 1599 3838 cum
1614 3783 1726 3835 tamen
1744 3759 1817 3834 ulus
1832 3758 2018 3835 chrismatis
2031 3758 2097 3832 illo
2105 3775 2195 3833 tem·

427 3890 494 3939 ron
512 3863 698 3964 ejlrrdefln.
751 3868 947 3939 Antecedens
958 3871 1095 3962 probat,
1123 3872 1202 3964 quin
1221 3871 1287 3942 Lu·
1324 3888 1407 3962 pore
1428 3862 1582 3936 nondum
1596 3859 1701 3934 fuerit
1722 3859 1896 3936 inllitutus.
1947 3856 2191 3949 Adductum,

427 3969 536 4042 ‘ierus
553 3988 619 4034 non
636 3961 676 4057 esi
693 3965 890 4035 ordinatura
901 3969 1005 4039 tribur
1018 3969 1178 4066 episcopie.
1192 3961 1288 4063 Resp.
1324 3962 1499 4038 elebionenr
1502 3962 1707 4059 summorum
1715 3962 1923 4060 sacerdotum
1938 3958 2032 4031 bonis
2033 3959 2192 4049 sacerdo·
2298 4051 2301 4058 ¹

427 4067 461 4158 ι)
490 4058 638 4134 Ecclesia
662 4060 799 4159 quidem
824 4088 893 4136 non
915 4065 1022 4163 potell
1046 4062 1111 4137 elle
1127 4063 1194 4135 fine
1217 4071 1288 4160 epi·
1324 4066 1410 4135 tibus
1426 4061 1473 4138 θ’
1479 4059 1717 4158 spiritualibus
1731 4055 1865 4155 populis
1886 4051 2085 4155 ronceffnnr,
2112 4082 2191 4133 curn

427 4159 533 4259 Tcopis
549 4160 614 4233 five
638 4159 820 4256 palloribus
835 4215 861 4248 ‚‚
872 4164 1021 4260 aquibus
1039 4165 1218 4252 doceatur,
1234 4159 1290 4235 l'rd
1323 4184 1435 4234 temen
1449 4160 1592 4259 populus
1608 4158 1823 4232 nullsshodie
1838 4160 1990 4257 parterin
2006 4180 2044 4229 ee
2061 4155 2208 4232 habear·
2236 4158 2238 4162 ’

427 4261 474 4335 lli
495 4285 566 4332 nou
584 4261 735 4331 obtinent
758 4257 890 4358 semper
913 4262 1055 4334 localem
1071 4268 1105 4333 dt
1133 4256 1290 4359 persona·
1323 4261 1415 4333 Dicit
1432 4266 1554 4349 etiam,
1573 4257 1830 4354 patriorcbnsin
1844 4260 1886 4340 iis,
1905 4258 1984 4331 iocis
1995 4250 2099 4356 sulfft
2113 4279 2192 4328 corr·
2213 4293 2237 4306 ·-

427 4369 493 4450 ern
511 4357 624 4476 .i.¹¹²¹¹¹
654 4352 911 4475 sticcellioncm‚
943 4387 1042 4459 quam
1071 4359 1290 4432 bellarminus
1318 4358 1468 4451 siitutos,
1493 4356 2132 4456 inquibuternntolimorrlrijlurninrs,
2152 4352 2190 4426 id

427 4451 1024 4645 {illituilllilfbil‘ll?
1047 4456 1291 4655 sigilii&
1326 4455 2192 4646 illlilltllllll,llll‘tssbilrll

427 4659 463 4728 td
488 4681 594 4726 unum
620 4652 734 4724 locum
760 4654 812 4724 vel
838 4655 880 4725 ad
902 4679 1002 4727 unum
1028 4649 1140 4726 sedem
1165 4655 1284 4726 Roma·
1324 4651 1453 4727 fuiffea
1481 4655 1604 4740 tribus,
1634 4657 1764 4742 l’etro,
1796 4653 1923 4742 Jacobo
1954 4662 1990 4729 ᾱ
2016 4655 2190 4742 Johsnue,

427 4780 500 4826 nem
518 4750 700 4853 apossolica
715 4747 872 4825 succellro
888 4755 1029 4853 adligata
1039 4751 1089 4824 cst
1102 4801 1113 4840 ,
1128 4752 1219 4850 quod
1233 4754 1292 4824 ad·
1323 4750 1380 4826 sed
1397 4772 1480 4852 part.
1506 4757 1546 4827 ll.
1563 4755 1689 4827 decret.
1709 4747 1794 4826 caus.
1817 4773 1849 4830 t.
1863 4777 1895 4851 q.
1919 4783 1947 4827 1.
1965 4779 2035 4851 esp.
2057 4781 2089 4830 a.
2106 4753 2200 4852 dieu.

427 4848 561 4928 rerlsrii
576 4848 706 4947 semper
725 4848 1004 4949 praesupponunt,
1027 4847 1081 4922 sed
1101 4857 1291 4950 quicunque
1325 4872 1398 4941 tur,
1424 4854 1516 4951 quod
1532 4847 1620 4925 solus
1635 4853 1750 4925 Petnrs
1760 4851 1975 4926 Clementem
1995 4852 2193 4930 Romanum

427 4951 578 5052 legitime
596 4950 636 5020 ab
653 4949 787 5022 ecclesio
802 4957 910 5023 vocati
927 4952 1114 5024 dodlrinam
1131 4950 1288 5050 apossoli·
1325 4945 1521 5049 episcopum
1539 4950 1712 5027 ordinarit.
1764 4952 1811 5022 Er
1836 4976 1859 5022 o
1883 4976 1953 5024 non
1971 4951 2017 5025 eu
2042 4947 2192 5025 absoluto

427 5075 496 5125 cem
515 5068 701 5150 propagant
717 5101 730 5129 ,
747 5044 905 5123 suutveri
919 5047 1151 5148 apostolorum
1168 5043 1292 5121 succes·
1325 5044 1566 5136 merdarium,
1593 5074 1612 5121 a
1635 5049 1739 5123 tribus
1760 4975 1924 5149 epiieopts
1947 5052 2097 5124 ordinari
2121 5054 2192 5149 epi·

427 5145 537 5236 bores,
563 5148 643 5221 licet
666 5153 885 5254 continuate
901 5174 980 5255 .¹3⁰.¹².
994 5154 1177 5255 interrupte
1205 5143 1290 5253 serie
1321 5143 1474 5247 scopum.
1498 5145 1692 5256 Agnoscunt
1705 5148 1919 5253 bocquidaur
1939 5174 1979 5252 ex
1996 5147 2071 5252 iplis
2087 5150 2194 5222 Scho-

427 5245 432 5252 ’
476 5254 574 5352 Turn.
599 5250 674 5354 XI·
795 5352 798 5358 .
967 5291 972 5300 ⁴
1373 5249 1431 5323 Se
2055 5241 2208 5362 luiticis,

1343 3483 1400 3537 unt
1428 3463 1605 3555 confide,
1631 3482 1668 3537 ut
1682 3458 1843 3540 ,Erasmus
1863 3468 1898 3539 dt
1919 3461 1976 3533 elii
1999 3456 2192 3558 complures
2332 3457 2336 3464 '
