5442 6225
477 492 479 497 ’
567 518 700 597 suot.
727 520 787 598 v1.
836 512 1093 589 senecione
1115 512 1179 585 vo
1205 511 1586 592 consensocum
1610 458 1835 591 necteus
1865 508 2086 601 intutus
2128 528 2233 626 ³³22
2260 478 2271 491 “

456 680 662 778 ηυηὶυιὶωἱ
683 701 877 796 scripturus
903 697 1074 770 canonicas
1090 695 1267 776 ialnnns,
1292 711 1332 770 ut
1358 698 1537 782 cocantes,
1553 696 1850 793 'non'arcipinnus.
1907 698 2030 795 Neque
2052 696 2228 778 ullamcic

457 807 552 879 notis
570 829 639 876 non
659 805 755 875 licent
764 797 858 891 salvo
875 796 1148 891 honorificentia,
1168 822 1252 893 quoe
1265 792 1330 868 illis
1348 799 1494 895 jocinus
1514 800 1690 897 injuriam,
1725 824 1794 875 com
1813 820 1924 871 eorum
1945 799 2111 898 quaelibet
2139 803 2228 879 etna
2362 806 2366 811 ’

456 906 597 979 cicietur
612 899 820 984 inminibus,
846 899 974 993 aliquid
995 901 1032 969 in
1046 890 1177 971 illorum
1190 897 1330 992 scriptis
1359 896 1579 990 uclscciptcta
1601 900 1758 973 cononica
1772 901 1966 971 divinarum
1975 899 2223 995 scripturorum

442 1005 641 1099 improbare
655 1015 753 1099 atqve
766 998 917 1092 respuere
925 1050 935 1081 ,
936 998 974 1096 s
976 997 1074 1094 sorte
1095 999 1328 1080 invenerimus,
1358 999 1553 1071 aulioritate
1565 996 1819 1095 distinguimus..
1854 996 1956 1069 Tulle
1974 1024 2017 1070 ex
2037 1000 2224 1099 Augustino

442 1102 548 1199 quod
563 1098 660 1175 uliter
665 1098 852 1201 senserint,
861 1120 957 1195 quam
977 1100 1099 1171 verita'c
1117 1091 1223 1169 labet.
1250 1095 1323 1175 Lib.
1356 1096 1481 1171 adferri
1497 1094 1626 1193 poffent
1646 1097 1749 1196 longe
1765 1094 1919 1196 plurimu.
1969 1098 2062 1199 Qiu
2076 1102 2149 1171 imo
2164 1100 2224 1199 ipsi

455 1202 502 1283 11.
524 1203 566 1272 de
588 1203 674 1298 bapt.
694 1218 784 1272 cont.
813 1198 936 1268 Donat.
957 1220 987 1267 c.
1002 1223 1034 1276 3·
1093 1197 1179 1292 Quis
1206 1194 1334 1283 nesciet¹
1354 1195 1518 1295 pontificii
1545 1192 1748 1293 agnoscunt,
1763 1216 1893 1293 patrum
1915 1190 2033 1294 scriptu
2062 1224 2133 1269 non
2158 1196 2224 1271 esse

441 1286 598 1396 sannam
611 1304 816 1398 scripturum
837 1296 1022 1369 canonicam
1046 1307 1111 1367 laen
1141 1306 1205 1369 vel.
1227 1320 1324 1392 quam
1356 1300 1549 1391 primam&
1586 1301 1762 1367 immotum
1778 1297 1942 1367 docisivae
1973 1294 2111 1368 coelessts
2140 1320 2252 1369 nor··
2291 1340 2298 1347 -
2361 1392 2372 1399 -

454 1424 536 1475 nov.
551 1400 623 1497 test.
637 1401 807 1494 certissuis
820 1395 966 1467 terminis
991 1397 1169 1483 contineri,
1191 1419 1324 1492 eantque
1358 1423 1459 1468 mum.
1469 1421 1497 1472 c.
1512 1392 1607 1468 Noli.
1621 1390 1650 1466 c,
1668 1394 1788 1491 Neque
1796 1421 1824 1467 e.
1847 1394 1922 1493 Ego
1931 1390 2021 1469 solie.
2029 1420 2059 1470 c.
2073 1397 2222 1497 Qicne-

454 1504 604 1573 aennilcus
621 1498 862 1596 posterioribus
884 1492 1104 1589 episcoporum
1127 1498 1246 1567 litteris
1277 1498 1323 1566 ito
1356 1491 1446 1568 sciat.
1466 1519 1494 1565 c.
1521 1494 1668 1591 Negasne
1688 1493 1769 1569 Dill.
1790 1522 1824 1578 9·
1845 1495 2041 1591 adlegemus
2054 1494 2141 1567 ditia
2154 1500 2223 1567 Aa·

445 1605 642 1696 praeponi,
666 1612 704 1671 ut
717 1602 757 1669 cle
777 1598 831 1670 illo
849 1596 980 1667 amitino
998 1597 1145 1667 dubitari
1162 1593 1210 1668 δ’
1223 1592 1325 1689 elisee-
1356 1596 1477 1691 gustini
1492 1594 1599 1665 inodo
1615 1590 1774 1691 exposito.
1821 1592 1979 1663 Thomas
1991 1611 2073 1689 part.
2091 1594 2118 1666 l.
2137 1618 2171 1692 q.
2188 1622 2220 1667 e.

441 1706 545 1795 *pluri
560 1725 629 1772 nan
647 1701 765 1793 poffit,
790 1708 902 1766 utrum
925 1718 1040 1766 verum
1067 1697 1120 1766 vel
1145 1708 1257 1771 utrutn
1272 1719 1326 1765 re·
1357 1714 1417 1766 nrt.
1439 1713 1469 1768 8.
1520 1704 1622 1767 Sacro
1636 1693 1785 1765 doliriua
1809 1690 2072 1765 auiiorilatt'lces·
2087 1699 2221 1766 cononi·

451 1800 609 1899 iietmst,
636 1800 797 1896 qvidqvid
815 1798 850 1867 in
870 1792 1077 1887 eascriptasn
1093 1791 1153 1893 ff
1176 1792 1324 1885 tonslitc-
1346 1794 1605 1885 'caeseripturoe
1626 1798 1735 1864 utitur
1748 1796 1889 1887 proprie
1913 1797 1952 1864 eti
1970 1796 2141 1889 neceffitate
2163 1820 2222 1865 or·

450 1902 512 1972 rit.
569 1898 810 1993 Episcoporvm
832 1905 940 1967 autem
972 1897 1112 1977 litteras,
1145 1918 1231 1990 quae
1248 1896 1323 1987 post
1351 1902 1575 1989 grciaentancio
1590 1946 1600 1972 ,
1616 1893 1866 1964 occiiaritatibus
1882 1905 1990 1963 autem
2007 1894 2147 1965 aliorum
2164 1896 2220 1966 do·

449 1997 675 2090 confirmatum
694 2017 845 2071 cononem
861 1989 1156 2086 velseriptaesunt
1178 1991 1321 2087 velseri·
1353 1991 1475 2065 {iorum
1507 1992 1650 2087 ecclcfiac
1670 2016 1736 2063 non
1763 1993 1855 2090 quas
1878 1999 2051 2089 orguenelo
2076 2016 2116 2062 esc
2136 2016 2221 2087 pro.

449 2094 581 2170 buntur
596 2086 616 2183 ,'
640 2099 682 2184 ὕ
700 2116 760 2196 per
776 2096 961 2190 sermonem
981 2092 1071 2181 sorte
1084 2092 1319 2187 sapienti-,rein
1352 2094 1507 2184 priisl'ed
1519 2094 1745 2186 probabiliter.
1797 2086 2221 2183 Innitltvrenicnsides'na·
2294 2152 2297 2157 .

450 2199 665 2294 cujuslibett'n
682 2219 719 2268 ea
740 2195 951 2289 ccpecctc'ortc
966 2192 1240 2284 &peculiorum
1258 2198 1322 2287 epi·
1347 2195 1421 2279 stro
1439 2194 1633 2263 revelationi
1654 2185 1808 2285 aposlolis
1829 2188 1876 2264 ἔθ’
1894 2192 2065 2285 propinetis
2078 2190 2218 2289 saliae,

441 2294 623 2392 stuporum
647 2299 836 2392 graviorem
859 2290 1111 2377 auiiueitatem,
1136 2291 1319 2364 doliorum·
1342 2297 1410 2388 ‘qui
1425 2295 1591 2387 canonicos
1604 2289 1941 2390 lilrosscripserunl,·
1962 2316 2029 2363 non
2048 2304 2154 2363 autent
2169 2315 2221 2364 re·

450 2422 517 2493 que
538 2400 751 2491 prudentiam
777 2391 824 2466 θ’
845 2414 909 2483 per
933 2392 1071 2461 concilio
1096 2393 1191 2464 licere
1209 2413 1320 2487 repre-
1353 2395 1509 2463 velationi
1528 2438 1539 2465 ,
1556 2393 1591 2490 s
1615 2414 1699 2487 quae
1717 2394 1789 2485 sicit
1812 2387 2220 2487 aliisdoiiatibussniiu.
2296 2462 2299 2467 .

452 2494 601 2595 luendis
616 2492 1070 2591 quidineissortcoveritate
1082 2491 1246 2564 deviatum
1266 2492 1323 2583 es.
1351 2490 1455 2563 (iubs.
1464 2490 1534 2564 Biel
1543 2490 1708 2564 leci.XLl-.
1720 2495 1753 2560 in
1764 2485 2219 2567 canon..mtstae:eccuoron
2327 2558 2332 2565 .
2353 2510 2366 2541 ¹

450 2592 526 2663 Lib.
540 2597 593 2668 Xl.
611 2614 725 2664 contra
742 2589 894 2663 Faustum
910 2610 941 2659 o.
962 2612 992 2668 5.
1030 2597 1076 2665 ln
1092 2588 1252 2685 opusculis
1259 2618 1319 2685 po·
1349 2605 1481 2683 potrun
1491 2590 1679 2664 nanosces
1693 2595 1737 2663 osi
1749 2591 1998 2687 adsentiendum
2011 2592 2155 2686 ipsorum
2171 2596 2221 2665 ii-

440 2692 651 2787 slerivruvt,
678 2716 762 2788 quae
789 2690 880 2764 libris
907 2689 1194 2763 innumerabilibus
1217 2695 1323 2785 evnti-
1351 2692 1410 2763 liic
1426 2693 1579 2762 neminem
1593 2690 1767 2786 compellit,
1794 2690 1854 2790 nisi·
1871 2692 2058 2764 in'divinis
2070 2694 2221 2789 suniuia

441 2805 594 2880 nentur,
623 2792 689 2888 sed
713 2788 803 2864 nulla
823 2792 916 2859 moda
948 2795 1124 2861 canonicae
1140 2789 1320 2884 sacrorum
1344 2793 1456 2889 suerit
1462 2792 1665 2886 scripturis,
1685 2803 1753 2863 ant·
1763 2788 1895 2863 divinoe
1909 2794 2077 2875 innitatur
2095 2796 2222 2867 revela

441 2892 688 2988 scripturarum
719 2887 917 2962 excellentiae
942 2904 1192 2988 coaequentur,
1223 2895 1318 2965 etium
1350 2893 1447 2964 tioni,
1497 2886 1662 2961 Roffeolie
1690 2894 1727 2960 in
1742 2889 1872 2961 confoe.
1893 2914 2040 2986 prooem.
2069 2890 2170 2968 Loth.
2187 2892 2220 2989 ᾗ.

450 2995 488 3062 in
507 2996 754 3092 quibuscunque
766 2995 932 3061 invenitur
953 2994 1061 3060 eadem
1082 2995 1223 3080 veritur,
1246 2993 1316 3064 losc-
1349 2995 1384 3061 ἁ
1398 3013 1469 3062 nos.
1522 2994 1647 3063 Etnac
1672 2992 1846 3085 aliquoties
1875 2986 1996 3085 erraffe
2014 3002 2217 3083 potres'non

446 3114 491 3190 ge
506 3103 611 3165 tamen
626 3093 731 3186 t'utpar
752 3089 792 3182 esi
815 3088 999 3161 autoritas.
1053 3099 1172 3188 ltaque
1190 3094 1226 3161 in
1250 3095 1314 3182 eie,
1348 3088 1542 3183 diffitemur,
1572 3089 1815 3162 inminetenim
1832 3101 1944 3176 erunt,
1960 3089 2128 3189 seulnot.
2146 3094 2213 3162 Cu·-

441 3196 476 3287 fl
491 3216 575 3289 qnae
583 3192 679 3287 sorte
691 3203 865 3286 propterea
880 3185 1210 3285 diffusioreputontnr
1223 3215 1243 3260 a
1258 3212 1315 3262 ve·
1349 3193 1475 3278 jeenuus
1495 3185 1620 3282 proeium
1638 3211 1820 3270 comment,
1835 3195 1869 3258 in
1886 3185 2004 3262 Genes.
2027 3196 2075 3263 ·Si
2088 3195 2219 3286 quaem
2337 3197 2342 3204 “

450 3317 525 3369 ro,
550 3298 746 3390 quianon,
767 3301 805 3359 ut
827 3289 911 3360 alitio
929 3285 1043 3380 sicat,
1068 3289 1316 3387 intelliguntur,
1333 3290 1537 3358 occurrerit
1560 3284 1680 3383 aliquis
1704 3286 1828 3382 setisrct
1868 3293 1973 3360 textui
2014 3291 2217 3387 consonans,

449 3404 560 3464 tamen
582 3394 718 3464 liberum
739 3386 784 3461 ilti
804 3386 898 3460 iubet
917 3385 1018 3458 lciior
1031 3392 1205 3462 auditorve
1220 3391 1315 3487 sucii-
1349 3391 1499 3486 quemme
1526 3373 1717 3460 o'torrenle
1751 3385 1920 3461 catorum
1940 3388 2095 3480 alienus,
2122 3389 2222 3466 leflor

449 3495 555 3576 cium,
581 3516 647 3588 quo
668 3491 721 3562 vel
744 3490 922 3580 adprobet,
951 3492 1041 3583 quoel
1057 3489 1239 3583 placuerit,
1265 3486 1315 3586 vei
1349 3510 1488 3586 aequum
1505 3481 1539 3573 sc
1553 3492 1710 3582 praebeat
1725 3490 1907 3586 censorem,
1936 3485 2108 3588 nullusque
2133 3497 2218 3563 cirte-

449 3592 634 3686 itnprolcet,
659 3595 748 3685 quoii
768 3587 938 3683 osinlerit
959 3591 1027 3672 &a
1062 3590 1133 3662 Lib.
1153 3592 1317 3664 ll.contr.
1341 3589 1561 3687 siclerillunt
1583 3611 1622 3658 etc
1647 3590 1721 3671 leot,
1760 3593 1849 3685 quod
1884 3584 2021 3685 diffamet
2052 3619 2072 3662 a
2102 3592 2220 3688 priscis
2263 3631 2270 3642 =

449 3686 726 3768 Cresoan.c.3c.
778 3684 991 3761 Nonnullam
1004 3688 1151 3781 sacimas
1179 3693 1319 3787 Cyprio·
1347 3690 1553 3763 'sceorstan
1603 3691 1685 3762 Non
1702 3691 1783 3759 enim
1809 3692 1973 3787 adligavit
1991 3701 2079 3767 Deus
2099 3694 2222 3792 expos.
2355 3705 2359 3714 ·

447 3815 492 3862 no
517 3790 692 3886 injuriam,
718 3812 785 3858 curn
801 3788 870 3883 essct
893 3788 1052 3883 quaslibet
1074 3794 1198 3860 litteras
1220 3816 1239 3860 o
1267 3815 1318 3861 ca·
1352 3789 1672 3880 tionem-scripturae
1685 3788 1864 3883 priscorum
1881 3789 2049 3863 elusionum
2060 3794 2221 3896 sensive,

446 3893 566 3961 monice
581 3886 1022 3981 divinoromscripturarvm
1051 3889 1245 3961 avlloritate
1267 3896 1317 3960 cli-
1353 3894 1504 3988 alioquin
1517 3890 1598 3985 spes
1627 3894 1722 3961 nobie
1740 3894 1913 3961 tolleretur
1937 3902 2117 3982 exponendi
2134 3898 2222 3988 seri-

444 3986 653 4087 singut'cnuc.
705 3989 823 4082 Neque
842 3985 1006 4083 enimsne
1022 3990 1121 4083 causa
1144 4005 1210 4062 tam
1221 3989 1321 4082 solu-
1349 4004 1507 4085 pteron,
1534 3990 1596 4086 uis
1608 3986 1862 4080 transferendo,
1888 3993 2059 4086 istasunt,
2086 4001 2124 4063 ele
2137 3999 2220 4066 libro

445 4083 501 4162 bri
518 4088 697 4186 vigilantia
715 4111 819 4160 eonon
834 4085 1321 4187 ecctqtcstc'cacconflc'totcscst,
1353 4093 1390 4162 in
1412 4097 1636 4189 quinternctns.
1660 4083 1815 4157 Eruscnos
1838 4092 1887 4186 5¹¹,
1902 4089 2014 4159 adnot.
2047 4115 2125 4160 nov.
2146 4093 2219 4169 teli.

447 4191 495 4258 ud
514 4192 695 4286 quecnccrti
709 4190 946 4284 prophetarum
973 4183 1020 4260 ἔθ’
1037 4188 1257 4282 apostolorum
1278 4195 1319 4261 li-
1353 4191 1464 4261 Mavlc
1497 4192 1535 4260 ll.
1556 4214 1587 4286 p.
1610 4212 1662 4265 13.
1724 4187 1818 4263 Solus
1833 4186 2151 4284 Ctreslocetttcses
2170 4219 2224 4262 ve-

446 4287 514 4360 leri,
520 4291 738 4382 pertineant,
761 4311 844 4385 quos
856 4289 989 4358 omicino
996 4287 1155 4384 judicare
1176 4313 1244 4360 non
1260 4313 1316 4363 av·
1352 4293 1455 4375 ritas,
1482 4314 1565 4359 accen
1596 4287 1648 4357 ille
1675 4295 1785 4358 saevit
1807 4290 1895 4359 octeni
1926 4315 2046 4360 errore.
2100 4297 2223 4390 Adfuit

444 4392 601 4470 eieumuc,
622 4385 668 4460 85
677 4387 859 4483 secundum
888 4410 971 4482 quat
991 4393 1031 4455 cle
1062 4392 1177 4459 ceteris
1200 4388 1317 4460 litteris
1352 4393 1498 4481 Spiritus
1513 4392 1648 4459 elluinus
1665 4385 1712 4460 ft
1731 4391 1924 4485 Cypriane,
1951 4403 1987 4460 vt
2007 4389 2049 4483 esi
2067 4398 2223 4485 probabi·

444 4486 499 4560 vel
508 4483 733 4579 fideliumocl
745 4486 924 4581 infidelium
929 4489 1131 4586 judicamus.
1174 4490 1318 4560 Utamur
1352 4487 1399 4565 ie,
1427 4488 1598 4563 &tomen
1616 4495 1772 4580 quonlam
1786 4486 1873 4560 illius
1887 4491 2078 4587 rejiciuntur
2101 4492 2143 4565 alc
2166 4519 2219 4564 or.

445 4586 692 4673 instituente,
717 4583 944 4681 inquituiibi,
970 4591 1202 4682 aiquamuos
1221 4611 1317 4660 voca·
1352 4587 1527 4675 litoioxit,
1562 4587 1675 4682 adsuit
1695 4588 1740 4677 89
1769 4594 1989 4684 Hieronymo,
2029 4593 2223 4693 reficiuntur

444 4687 699 4773 nilominus,
728 4683 774 4758 Ei
789 4707 900 4759 eorum
914 4688 1229 4784 virorum,quortem
1245 4692 1318 4759 lau·
1354 4687 1402 4760 θ’
1415 4692 1513 4786 lenius
1538 4689 1717 4772 nonnulla,
1747 4689 1860 4784 adsuit
1875 4688 2089 4790 Augustino,
2116 4704 2217 4789 atquc
2332 4749 2336 4756 .

441 4782 497 4860 dec
512 4782 666 4882 consequi
685 4805 753 4860 nvn
774 4790 935 4873 vultensis,
962 4810 1100 4883 quntum
1131 4788 1241 4861 multis
1265 4790 1318 4858 lit·
1346 4789 1421 4885 ipse
1449 4791 1608 4888 quaetione
1618 4786 1687 4876 sua
1713 4790 1911 4861 recantavit.
1962 4792 2000 4861 ln
2025 4793 2149 4864 Matth.
2166 4797 2223 4874 Xl.

441 4886 659 4981 terisscrt'pta
677 4888 788 4983 nostru
807 4910 872 4960 non
898 4907 1150 4978 comparamus,
1179 4911 1318 4982 quoruas
1352 4913 1382 4983 p.
1401 4917 1457 4974 4¹·
1508 4891 1580 4965 Scio
1597 4891 1839 4985 Hieronymum
1848 4890 2116 4986 ‚,Augusinucn,
2140 4918 2223 4964 eum-

441 4988 608 5083 ingeuium
630 4988 819 5088 diliginus,
847 5008 989 5082 quorum
1014 5009 1073 5057 ore
1101 4988 1317 5063 delectamur,
1353 5015 1416 5086 qve
1433 4991 1484 5060 liis
1494 4990 1669 5086 plerosque
1683 4985 1780 5058 aliter
1794 4991 2028 5080 interpretari,
2056 5017 2167 5066 vernn
2183 4996 2226 5066 u,

441 5092 585 5181 quor'um
603 5089 769 5161 caritatem
789 5092 967 5171 miramur,
993 5108 1134 5184 quorum
1156 5091 1319 5184 martyrio
1352 5103 1422 5159 seat
1440 5087 1489 5162 δ”
1508 5114 1529 5158 o
1548 5088 1779 5183 peviutiffimit
1800 5087 1990 5161 aulioriltuc
2013 5095 2131 5165 alicubi
2157 5094 2224 5187 dis-

441 5207 658 5271 veneramur,
682 5185 742 5260 leue
759 5186 959 5286 quoiaiiter
975 5177 1195 5280 seponunt>
1222 5211 1319 5285 quum
1342 5188 1504 5285 sentire,
1529 5191 1792 5287 qnandoquidem
1812 5190 1860 5260 illi
1877 5188 2064 5289 nansviuttt
2085 5192 2227 5267 inminet

2135 5295 2221 5388 sm.
