5442 6225
362 2102 368 2114 ·
477 2028 491 2037 ·
529 2092 532 2099 ,
589 2011 679 2101 tifex
696 2012 864 2081 Romanas
882 2013 979 2103 peius
1002 2013 1230 2090 damnauerit,
1256 2010 1444 2102 veisunodo
1480 2009 1659 2096 fattarae,
1693 2010 1864 2082 ecclesiam
1892 2002 2091 2081 catholicam

579 552 650 632 rso
934 585 939 593 -
1115 532 1246 650 Loci
1279 536 1431 617 xxiii.
1479 540 1664 615 CAPUT
1697 542 1761 617 lit

581 711 665 814 Cep.
686 736 715 791 e.
741 712 777 814 ς.
804 711 930 816 penult.
954 736 1025 789 non
1046 713 1213 813 improbat
1239 713 1434 789 sententiam
1471 746 1549 793 rnen
1568 725 1669 795 tetius
1684 720 1830 825 eecleſsae
1853 724 2074 795 committenda
2093 733 2187 812 erat,
2207 722 2342 797 deatum
2393 704 2400 731 ⁴

582 812 750 905 illorum,
777 824 833 915 qui
862 818 1022 902 llatirunt,
1049 816 1151 914 ipsam
1173 813 1437 912 infallibilitatem
1472 817 1647 914 aposlolum
1663 834 1808 909 Petrum,
1834 818 2191 922 ejusqeeesueresmees,
2213 827 2342 920 (ponti.

514 932 516 937 '
581 913 776 1012 esoneffein
798 931 875 988 catu
897 915 1228 1016 tonſsliarinrnmuel
1247 921 1283 986 in
1306 914 1438 988 coneilio
1474 920 1553 991 fices
1584 922 1785 1019 Romanos.)
1813 924 1974 994 Batonius
1993 930 2027 993 iu
2061 921 2231 993 annalibus
2253 942 2365 996 anno'

582 1015 824 1111 episcoporum,
839 1018 907 1113 sed
926 1020 958 1090 ia
974 1011 1051 1113 solo·
1066 1015 1236 1112 pontifice.
1258 1015 1330 1087 Lib.
1350 1017 1374 1086 l.
1399 1012 1441 1082 de
1476 1020 1600 1090 Clirilli
1629 1044 1707 1103 373·
1732 1018 1902 1094 nunnae.
1962 1017 2181 1093 E‘xarbiteio
2205 1022 2344 1092 Romani
2389 1030 2400 1095 ’.

557 1152 562 1157 ·
585 1112 713 1186 clericis
732 1138 802 1210 cap.
817 1139 851 1199 7.
865 1121 899 1186 in
915 1113 996 1211 reip.
1020 1114 1059 1186 ad
1077 1138 1146 1212 erg.
1159 1117 1320 1186 tertium:
1341 1115 1440 1187 eccie-
1472 1117 1640 1214 pautifieis
1650 1125 1798 1213 peredit,
1822 1119 2179 1215 decretastdeisaneiee
2204 1116 2344 1214 &saet-

573 1216 630 1310 fla
655 1214 864 1309 esicalumne
896 1217 1065 1301 veritatis,
1092 1219 1171 1312 quia
1190 1215 1322 1311 ftmper
1350 1214 1444 1284 audii
1480 1219 1540 1289 cita
1563 1233 1697 1291 mutare.
1759 1221 1945 1316 Gregorius
1968 1224 2010 1290 de
2033 1217 2162 1289 Valent.
2184 1218 2344 1292 sonunt.
2394 1278 2400 1287 .

584 1318 740 1399 Petrum,
764 1338 827 1406 pra
845 1339 909 1412 qne
933 1318 1093 1389 Dominus
1124 1317 1278 1412 rogauit,
1305 1336 1346 1382 ne
1367 1310 1444 1409 defi·
1480 1336 1699 1390 commentar.
1715 1323 1749 1387 in
1763 1318 1939 1388 Thomam
1959 1343 2032 1418 pag.
2046 1342 2100 1400 24.
2119 1316 2198 1389 edit.
2216 1318 2345 1393 ,venen

531 1435 533 1439 ·
586 1413 854 1511 eeretejntfides,
869 1416 955 1501 <hoc
975 1412 1124 1510 est‚q1¹ifl
1143 1410 1233 1484 audii
1248 1410 1444 1506 POssllficem
1480 1423 1621 1492 Nomine
1644 1414 1782 1518 eerleflae
1799 1413 2012 1516 intelligimus
2028 1418 2096 1512 ejus
2119 1426 2216 1508 eaput
2232 1425 2346 1487 Roma·

585 1509 932 1604 l'etriluceeffotem.)
964 1511 1173 1608 stapletonus
1196 1511 1309 1583 toleti.
1336 1515 1444 1607 ptine.
1478 1536 1558 1588 stum
1575 1517 1770 1612 pontificem.
1835 1514 2071 1613 Quopertinet
2089 1511 2170 1583 illud
2198 1536 2346 1607 quorun.

585 1607 646 1683 fid.
673 1610 781 1682 dour.
809 1605 1014 1682 controvers.
1039 1611 1096 1684 lll.
1121 1609 1231 1709 quaest.
1259 1621 1290 1680 6.
1307 1633 1339 1704 p.
1363 1638 1444 1692 400.
1480 1614 1557 1685 darn
1592 1614 1876 1687 scholasticorum
1905 1611 2106 1692 adsertrnn,
2137 1636 2258 1708 papam
2288 1605 2346 1708 effe

588 1711 686 1782 Circe
693 1712 779 1808 fidei
796 1710 1017 1805 definitionem
1036 1708 1083 1784 ΕΤ
1099 1710 1190 1784 dubii
1211 1711 1370 1808 dogmatis
1390 1712 1445 1777 de·
1479 1714 1633 1787 treiciam
1653 1713 1851 1788 virtualiter.
2132 1762 2137 1769 -

587 1814 841 1883 terminationem
856 1825 950 1882 tanta
953 1811 1079 1904 semper
1083 1812 1160 1905 fait
1178 1809 1311 1882 Romani
1326 1809 1444 1902 ponti·
1529 1816 1563 1908 §
1587 1816 1683 1887 cvi,
1728 1811 1947 1909 Expendatur
1960 1837 2043 1889 veru
2059 1817 2094 1883 in

578 1906 658 2000 fleis
672 1909 876 1989 annonas,
898 1925 937 1994 eet
954 1916 1209 2007 unumquodque
1230 1915 1346 2005 dogma
1363 1932 1444 2000 pon·
1480 1912 1934 2010 euenumnujusopinionis,
1956 1896 2095 2006 mquam
2143 1887 2352 2044 Zizlgsffi&

588 2106 744 2180 Romana
756 2108 955 2200 priuseade
970 2133 1006 2178 re
1030 2108 1165 2186 intrita,
1192 2111 1245 2179 oei
1260 2130 1322 2199 per.
1336 2107 1448 2177 literas
1480 2108 1668 2207 adpellere,
1693 2116 1727 2182 ἁ
1758 2104 1866 2180 solutu
1894 2109 2092 2209 pontificem
2141 2069 2204 2110 “m
2219 2064 2353 2129 mmm*

576 2207 665 2302 sitae
692 2206 735 2279 ad
757 2209 921 2281 conciliem
945 2191 1069 2305 miffar,
1091 2220 1263 2304 antequam
1279 2208 1314 2276 in
1341 2206 1447 2276 tanti·
1480 2210 1673 2281 Romanum
1695 2207 1906 2303 intelligere,
1935 2232 2011 2277 eum
2036 2201 2102 2303 ipse
2132 2206 2353 2307 Bellarminup

589 2307 667 2377 iiam
677 2317 790 2399 patres
809 2306 984 2402 oeniffent,
1005 2319 1103 2404 atque
1125 2310 1193 2409 qest
1211 2304 1389 2377 dedititiam
1413 2326 1450 2373 at
1486 2306 1541 2380 lib.
1554 2308 1610 2379 ΙΙΙ.
1630 2310 1671 2377 de
1695 2304 1829 2377 ecclesie
1858 2330 1930 2403 rap.
1953 2330 2007 2390 ¹7·
2033 2311 2118 2375 cirea
2134 2304 2238 2377 finem
2261 2302 2354 2374 reete

590 2409 885 2485 determinationem
900 2404 1019 2501 reliqui
1032 2407 1173 2502 episcopi
1193 2403 1239 2477 ft*
1253 2407 1377 2476 consilii
1389 2429 1450 2499 pn·
1483 2399 1625 2478 scribat:
1661 2415 1733 2480 Vna
1752 2406 1894 2498 persona
1918 2430 1983 2477 non
1997 2404 2102 2500 potest
2127 2408 2192 2477 diei
2215 2402 2355 2498 ettlefio:

592 2515 658 2576 tres
670 2503 802 2600 semper
824 2510 869 2576 ad
882 2504 1138 2600 amuffimseeuti
1148 2507 1290 2603 fuerint.
1317 2504 1452 2599 Grego-
1490 2516 1527 2596 o)
1553 2507 1662 2585 Qumn
1679 2500 1814 2577 dromon
1831 2526 1928 2601 atque
1947 2500 2104 2574 absonum
2124 2503 2162 2574 sn
2174 2557 2185 2590 ,
2199 2505 2355 2573 omnium

592 2606 716 2675 eiusde
740 2603 867 2674 Valent.
885 2604 968 2675 anal.
983 2602 1024 2673 de
1043 2605 1123 2674 eccl.
1138 2630 1169 2702 p,
1181 2628 1261 2688 207.
1280 2625 1454 2672 commen·
1489 2604 1686 2702 dogmatum
1702 2603 1894 2674 littuitatem
1918 2603 1957 2671 ab
1977 2608 2072 2674 unius
2086 2603 2357 2699 Romeni'ponti·
2387 2596 2390 2609 ’

594 2701 650 2771 dat
671 2723 894 2774 mercatorem
919 2704 1086 2800 quendam
1110 2702 1229 2774 Italum
1256 2706 1299 2770 ita
1331 2695 1455 2770 discut-
1489 2701 1560 2774 licis
1580 2704 1774 2773 aridioritate
1800 2707 1832 2773 de
1854 2702 1978 2791 judicio
2008 2696 2185 2788 arcellete',
2215 2705 2251 2772 ἀ
2277 2697 2358 2770 ulti-

594 2818 752 2871 renttm:
778 2804 967 2902 Metumste
980 2800 1115 2893 statne,
1143 2800 1221 2874 uelle
1245 2824 1291 2871 me
1314 2797 1455 2894 pontfi-
1489 2827 1580 2874 mam
1601 2799 1680 2871 fidei
1703 2798 1886 2874 chriilianae
1903 2797 2199 2872 resolutionemin
2221 2793 2361 2894 pontifis

508 2931 514 2939 ·
594 2900 675 2970 tiam
693 2902 807 2994 potins
826 2924 922 2998 qnam
940 2900 1159 2994 Latieeanam
1180 2900 1369 2997 religionem
1388 2923 1456 2968 am·
1492 2896 1824 2997 aspernatorem,
1851 2924 1927 2969 cum
1944 2898 2088 2972 historiae
2104 2904 2137 2971 de
2159 2892 2292 2993 resipla
2308 2913 2360 2965 te·

588 2997 712 3092 pieni,
739 3001 779 3068 ob
794 2995 875 3071 iilud
892 3002 1060 3094 inprimis,
1085 3002 1162 3097 qnia
1177 3001 1241 3068 illie
1266 3000 1456 3089 compendio
1493 2998 1635 3084 lletitur,
1662 2997 1774 3096 quales
1794 2994 1854 3067 sint
1878 2997 2029 3094 plerique
2047 2996 2096 3068 illi
2117 2997 2262 3067 Romani
2276 3017 2361 3091 prae·

597 3096 721 3191 dissere
735 3095 858 3195 poffitm
879 3103 1066 3185 ueritatem,
1079 3098 1260 3199 videlicetſs
1278 3098 1353 3196 ajo,
1371 3098 1459 3194 quod
1493 3093 1599 3183 suits,
1626 3104 1659 3171 <ie
1678 3123 1776 3194 quam
1792 3099 1921 3192 impura
1942 3094 2003 3168 lent
2019 3096 2193 3194 podiorum
2216 3091 2361 3177 illorum

598 3201 832 3295 aitpentisex3
856 3221 956 3298 netgo,
978 3199 1064 3296 qnod
1080 3212 1179 3298 negat
1191 3198 1367 3293 pontifex,
1385 3222 1459 3267 eur·
1494 3194 1622 3296 scrinia.
1677 3204 1712 3283 3)
1728 3198 1838 3279 Quam
1859 3195 2026 3276 lubricum
2049 3194 2262 3267 constituatur
2281 3188 2361 3263 reli·

441 3327 461 3354 ⁴
585 3297 667 3393 sum
685 3298 824 3386 nitide,
851 3299 1120 3396 adnuo&ego.'
1171 3298 1328 3367 Collatus
1348 3301 1382 3364 in
1403 3321 1461 3367 eu·
1496 3300 1606 3394 gionis
1634 3296 1753 3366 nollree
1774 3293 2099 3391 principiurn,s1in
2122 3290 2290 3388 pontificis
2310 3293 2362 3359 in·

599 3400 846 3469 chincouttov.
859 3402 891 3468 iu
908 3398 986 3468 loru
1001 3400 1044 3469 dc
1062 3396 1181 3468 lurum
1198 3394 1321 3492 pontif.
1335 3419 1366 3490 p.
1383 3422 1421 3476 ¹4
1429 3422 1460 3477 9.
1496 3394 1697 3468 l'allibilitate
1715 3392 1798 3464 illud
1823 3392 2049 3465 constituatur.
2104 3393 2152 3462 Ut
2170 3396 2260 3461 enitu
2281 3412 2364 3484 prae·

594 3499 699 3573 Penes
715 3496 1059 3596 eeclesiameatltolicoen
1072 3496 1114 3590 est
1123 3499 1280 3593 judicium
1301 3494 1461 3570 ueritatis,
1499 3500 1700 3578 teterrinum,
1727 3516 1795 3563 non
1813 3486 1904 3585 polle
1922 3518 1962 3562 ex
1980 3481 2133 3563 evidente
2146 3488 2260 3585 aliquo
2283 3482 2362 3557 lcti-

521 3643 523 3648 -
590 3598 657 3709 sed
676 3599 763 3692 quod
777 3621 814 3665 ea
827 3619 889 3689 pet·
913 3597 1035 3694 eostam
1054 3599 1158 3670 oeten
1172 3593 1289 3690 diffuso
1298 3596 1372 3708 fine
1385 3616 1464 3690 gra·
1500 3615 1603 3690 ptura
1632 3591 1725 3662 dieto
1748 3586 2021 3661 infallibilitatem
2039 3588 2200 3684 probari,
2229 3611 2305 3659 cum
2321 3608 2365 3655 no

600 3696 728 3789 otffimis
752 3698 954 3768 incommodis
984 3723 1085 3768 unum
1112 3700 1145 3765 in
1170 3690 1271 3765 lorum
1291 3716 1377 3762 entre
1407 3712 1463 3762 ne·
1500 3718 1602 3762 uumn
1616 3689 1752 3785 quidem
1776 3685 1921 3785 proferri
1950 3685 2072 3783 potiit,
2096 3686 2187 3782 quod
2209 3681 2366 3756 disertam

599 3805 715 3895 queat,
742 3793 789 3867 iffi
802 3820 865 3887 pro
882 3821 917 3866 re
935 3811 1013 3868 nata
1032 3798 1230 3890 quaestiones
1246 3789 1384 3888 difficiles
1400 3815 1466 3863 non
1499 3787 1666 3889 pontificis
1682 3786 1830 3858 Romani
1853 3792 2061 3858 mentionem
2084 3782 2200 3871 faciat,
2222 3805 2367 3879 cernique
2395 3798 2398 3802 ⁴

476 3933 478 3937 ·
600 3919 680 3966 raro
707 3907 917 3980 exoriantur,
943 3895 1093 3993 neceffiem
1121 3907 1215 3972 erat,
1238 3894 1358 3993 majori
1387 3913 1467 3960 conr·
1501 3894 1616 3961 omnia
1631 3885 1730 3957 stuta
1757 3884 1935 3983 quaessione
1955 3888 2061 3956 aliena
2087 3891 2121 3957 de
2146 3881 2368 3975 nimis'loug'o

465 4055 468 4066 ,
596 3990 1150 4090 peneioctritiaaeraannmonu
1166 3991 1467 4088 fideiqutintegei-
1500 3992 1623 4086 petite:
1647 3988 1799 4056 utetiam
1821 3972 2306 4081 filontioprateteantc1·affos
2328 3976 2370 4047 il·

601 4095 661 4165 tati
675 4096 868 4190 prospicere.
920 4094 1070 4191 Christus
1083 4092 1321 4189 igitnrsumma
1331 4089 1464 4183 sapien·
1502 4086 1692 4180 losaliquot
1722 4079 1921 4180 pontificum
1942 4107 2097 4171 errores,
2124 4106 2208 4178 quot
2227 4071 2370 4175 operosa

602 4198 649 4265 tia
673 4192 718 4266 r&
738 4195 873 4264 caritate
895 4216 997 4264 unum
1008 4193 1176 4293 judicavit
1195 4196 1227 4263 in
1252 4192 1376 4291 ecelesia
1394 4213 1467 4258 eon·
1503 4180 1711 4256 excusatione
1729 4179 1865 4278 palliare
1890 4201 2071 4270 conantur3
2097 4181 2149 4252 vel
2169 4181 2235 4251 hoe
2258 4171 2370 4247 solum

597 4293 809 4385 dilatandum,
831 4296 1127 4388 nominandumque
1147 4290 1324 4380 hominem,
1352 4291 1405 4359 eni
1416 4288 1468 4382 ſse
1504 4277 1669 4354 observari
1688 4301 1786 4372 peto,
1813 4277 1904 4377 qood
1926 4306 1967 4349 ne
1983 4278 2042 4377 ipfi
2078 4277 2190 4351 uident
2204 4272 2389 4347 Pontifieii·

594 4394 695 4487 seeam
717 4391 933 4487 praesentiam
949 4393 1126 4489 innitique
1156 4394 1301 4484 Spiritus
1326 4390 1470 4484 gratiam
1505 4384 1546 4453 de
1564 4379 1804 4451 infallibilitate
1822 4376 1877 4448 illa
1895 4376 1961 4449 five
1978 4306 2156 4475 privilegio
2176 4400 2245 4446 uon
2258 4395 2372 4445 erran·

603 4497 782 4581 ediliceret,
797 4506 833 4563 ut
853 4495 892 4561 de
906 4491 1142 4588 quaestionibus
1150 4485 1471 4583 fidei&reiigianis
1505 4481 1538 4551 di
1558 4475 1709 4576 pontifici
1727 4476 1882 4549 divinitus
1899 4477 1977 4548 dato
1994 4483 2080 4548 inter
2101 4477 2134 4546 io
2155 4470 2372 4547 consentiant.

604 4597 950 4688 decernensnunqunm
960 4588 1307 4684 erraretJsedfidemab
1317 4582 1471 4679 apostolis
1505 4582 1559 4649 Sic
1574 4583 1664 4648 euim
1674 4575 1892 4647 Bellarminus
1907 4575 1964 4647 lib.
1975 4578 2032 4649 tv.
2042 4574 2084 4645 de
2094 4571 2373 4673 pontificemne.

602 4685 783 4786 plantatam
806 4694 997 4762 inviolatam
1019 4694 1247 4786 integramque
1249 4684 1384 4782 semper
1392 4707 1471 4756 eon·
1505 4681 1651 4754 Secunda
1659 4674 1824 4771 sententia
1841 4671 1900 4764 ed,
1910 4677 2094 4771 pontificem
2107 4677 2201 4747 stiam
2217 4684 2254 4745 nt
2262 4671 2376 4767 ponti·

356 4831 365 4850 s
426 4799 444 4852 ·'
489 4855 492 4860 .
594 4794 777 4888 seruaret:
804 4794 847 4860 ad
863 4787 999 4887 qaem'in
1016 4793 1118 4860 dubiis
1131 4798 1332 4859 recurrerent
1346 4807 1471 4858 omnes,
1498 4778 1596 4875 fisem
1613 4767 1976 4874 peffeeffelmeretitum
1993 4772 2159 4864 &docere
2176 4768 2376 4875 haereſsenfi

604 4883 1473 4989 delirinomsuamadquscollimarent,&ejns,qnem
1509 4875 1628 4973 absque
1650 4876 1798 4976 generali
1821 4877 1954 4946 coneilio
1979 4872 2133 4969 definiat,
2157 4871 2205 4948 85
2228 4878 2266 4943 de
2276 4863 2376 4969 seila

606 4981 683 5064 aon
696 4985 785 5088 poffe
812 5012 953 5060 errorem
969 5009 1157 5085 proponere
1179 4982 1322 5084 nollent,
1338 4986 1475 5079 senteu-
1509 4976 1688 5074 aliquande
1707 4970 1861 5070 aeeidsffe.
1899 4977 2003 5070 Hans
2020 4977 2205 5069 opinionem
2219 4974 2378 5067 seqnitur

610 5094 688 5162 tiam
708 5091 934 5188 sequieentoe.
985 5090 1029 5160 Et
1046 5084 1184 5185 postea:
1208 5087 1393 5183 Hantsasee
1406 5106 1477 5155 non
1511 5072 1555 5164 ὅ
1575 5087 1687 5148 tuetur
1705 5071 1803 5148 Nilne
1823 5073 1929 5148 iniit.
1955 5073 2085 5170 adores.
2101 5078 2233 5170 primat.
2243 5093 2377 5169 papae,

607 5192 814 5273 tonseaieiot
829 5193 930 5270 otinas
945 5184 1006 5294 effe
1020 5211 1117 5295 quare
1134 5181 1222 5265 illan
1234 5190 1405 5265 nominem,
1426 5182 1478 5257 eui
1512 5181 1643 5251 eunden
1651 5174 1760 5275 senati
1769 5171 1860 5271 sent
1871 5177 2001 5275 aitque
2014 5173 2281 5275 Pertranseunt
2293 5173 2380 5246 Ger·

2305 5271 2380 5367 soe
