<?xml version="1.0" encoding="UTF-8"?>
<!DOCTYPE html PUBLIC "-//W3C//DTD XHTML 1.0 Transitional//EN"
    "http://www.w3.org/TR/xhtml1/DTD/xhtml1-transitional.dtd">
<html xmlns="http://www.w3.org/1999/xhtml" xml:lang="en" lang="en">
 <head>
  <title>
</title>
<meta http-equiv="Content-Type" content="text/html;charset=utf-8" />
  <meta name='ocr-system' content='tesseract 3.04.00' />
  <meta name='ocr-capabilities' content='ocr_page ocr_carea ocr_par ocr_line ocrx_word'/>
</head>
<body>
  <div class='ocr_page' id='page_1' title='image "./locitheologicic03cottgoog/locitheologicic03cottgoog_0011.png"; bbox 0 0 5442 6225; ppageno 0'>
   <div class='ocr_carea' id='block_1_1' title="bbox 632 458 1806 575">
    <p class='ocr_par' dir='ltr' id='par_1_1' title="bbox 632 458 1806 575">
     <span class='ocr_line' id='line_1_1' title="bbox 632 458 1806 575; baseline 0.004 -36"><span class='ocrx_word' id='word_1_1' title='bbox 632 490 694 575; x_wconf 82' lang='lat'>4·</span> <span class='ocrx_word' id='word_1_2' title='bbox 899 532 901 539; x_wconf 86' lang='lat'><em>.</em></span> <span class='ocrx_word' id='word_1_3' title='bbox 1005 472 1010 485; x_wconf 54' lang='lat'><strong>¹</strong></span> <span class='ocrx_word' id='word_1_4' title='bbox 1148 462 1468 542; x_wconf 76' lang='lat' dir='ltr'>enarrarre</span> <span class='ocrx_word' id='word_1_5' title='bbox 1518 458 1806 544; x_wconf 82' lang='lat' dir='ltr'>norronrs.</span> 
     </span>
    </p>
   </div>
   <div class='ocr_carea' id='block_1_2' title="bbox 557 584 2406 2368">
    <p class='ocr_par' dir='ltr' id='par_1_2' title="bbox 942 584 2156 623">
     <span class='ocr_line' id='line_1_2' title="bbox 942 584 2156 623; baseline 0.002 -2"><span class='ocrx_word' id='word_1_6' title='bbox 942 586 945 591; x_wconf 91' lang='lat'>&#39;</span> <span class='ocrx_word' id='word_1_7' title='bbox 1822 584 1828 617; x_wconf 89' lang='lat' dir='ltr'>l</span> <span class='ocrx_word' id='word_1_8' title='bbox 2153 618 2156 623; x_wconf 94' lang='lat'>.</span> 
     </span>
    </p>

    <p class='ocr_par' dir='ltr' id='par_1_3' title="bbox 636 638 2405 1020">
     <span class='ocr_line' id='line_1_3' title="bbox 636 638 2405 739; baseline 0.001 -12"><span class='ocrx_word' id='word_1_9' title='bbox 636 665 747 736; x_wconf 59' lang='lat' dir='ltr'>narra</span> <span class='ocrx_word' id='word_1_10' title='bbox 771 650 818 738; x_wconf 79' lang='lat' dir='ltr'>dc</span> <span class='ocrx_word' id='word_1_11' title='bbox 845 647 1068 739; x_wconf 81' lang='lat' dir='ltr'>Par-num</span> <span class='ocrx_word' id='word_1_12' title='bbox 1094 644 1563 733; x_wconf 80' lang='lat' dir='ltr'>oanorunvncrr,</span> <span class='ocrx_word' id='word_1_13' title='bbox 1591 638 2205 735; x_wconf 78' lang='lat' dir='ltr'>cardinaleml’ax-nourvsr,</span> <span class='ocrx_word' id='word_1_14' title='bbox 2230 638 2405 735; x_wconf 70' lang='lat' dir='ltr'>Lvnor.</span> 
     </span>
     <span class='ocr_line' id='line_1_4' title="bbox 639 773 2404 887; baseline 0.001 -27"><span class='ocrx_word' id='word_1_15' title='bbox 639 776 1073 874; x_wconf 79' lang='lat' dir='ltr'>Marmnvnorunr,</span> <span class='ocrx_word' id='word_1_16' title='bbox 1101 779 1304 871; x_wconf 82' lang='lat' dir='ltr'>Lvoov.</span> <span class='ocrx_word' id='word_1_17' title='bbox 1332 776 1506 861; x_wconf 75' lang='lat' dir='ltr'>Tarona</span> <span class='ocrx_word' id='word_1_18' title='bbox 1529 797 1787 867; x_wconf 80' lang='lat' dir='ltr'>assruvnr,</span> <span class='ocrx_word' id='word_1_19' title='bbox 1811 773 2307 869; x_wconf 75' lang='lat' dir='ltr'>Lam-Franaunvu,</span> <span class='ocrx_word' id='word_1_20' title='bbox 2331 775 2404 887; x_wconf 82' lang='lat' dir='ltr'>Jo.</span> 
     </span>
     <span class='ocr_line' id='line_1_5' title="bbox 638 898 2405 1020; baseline 0.001 -27"><span class='ocrx_word' id='word_1_21' title='bbox 638 898 878 1003; x_wconf 62' lang='lat' dir='ltr'>anrr&#39;sr.</span> <span class='ocrx_word' id='word_1_22' title='bbox 918 918 1337 1017; x_wconf 78' lang='lat' dir='ltr'>n’Auracovar,</span> <span class='ocrx_word' id='word_1_23' title='bbox 1368 908 1518 999; x_wconf 72' lang='lat' dir='ltr'>var..</span> <span class='ocrx_word' id='word_1_24' title='bbox 1544 909 1989 1001; x_wconf 78' lang='lat' dir='ltr'>Pnnrrssotrrvnr,</span> <span class='ocrx_word' id='word_1_25' title='bbox 2028 907 2205 1020; x_wconf 81' lang='lat' dir='ltr'>aliosque</span> <span class='ocrx_word' id='word_1_26' title='bbox 2228 910 2270 997; x_wconf 93' lang='lat' dir='ltr'>in</span> <span class='ocrx_word' id='word_1_27' title='bbox 2296 908 2405 995; x_wconf 83' lang='lat' dir='ltr'>noris</span> 
     </span>
    </p>

    <p class='ocr_par' dir='ltr' id='par_1_4' title="bbox 557 1041 2406 2368">
     <span class='ocr_line' id='line_1_6' title="bbox 639 1041 2270 1157; baseline 0.001 -29"><span class='ocrx_word' id='word_1_28' title='bbox 639 1045 783 1133; x_wconf 85' lang='lat' dir='ltr'>ttostris</span> <span class='ocrx_word' id='word_1_29' title='bbox 797 1047 847 1136; x_wconf 94' lang='lat' dir='ltr'>ad</span> <span class='ocrx_word' id='word_1_30' title='bbox 863 1049 1210 1136; x_wconf 78' lang='lat' dir='ltr'>Gannannvnr</span> <span class='ocrx_word' id='word_1_31' title='bbox 1231 1041 1370 1157; x_wconf 79' lang='lat' dir='ltr'>passim</span> <span class='ocrx_word' id='word_1_32' title='bbox 1386 1046 1602 1139; x_wconf 87' lang='lat' dir='ltr'>excitatos,</span> <span class='ocrx_word' id='word_1_33' title='bbox 1629 1044 1667 1128; x_wconf 90' lang='lat' dir='ltr'>in</span> <span class='ocrx_word' id='word_1_34' title='bbox 1684 1066 1823 1129; x_wconf 86' lang='lat' dir='ltr'>rerum</span> <span class='ocrx_word' id='word_1_35' title='bbox 1839 1042 2042 1155; x_wconf 83' lang='lat' dir='ltr'>prasentia</span> <span class='ocrx_word' id='word_1_36' title='bbox 2056 1066 2270 1130; x_wconf 84' lang='lat' dir='ltr'>taceamus.</span> 
     </span>
     <span class='ocr_line' id='line_1_7' title="bbox 766 1166 2404 1298; baseline 0.002 -29"><span class='ocrx_word' id='word_1_37' title='bbox 766 1182 946 1272; x_wconf 85' lang='lat' dir='ltr'>Scilicet,</span> <span class='ocrx_word' id='word_1_38' title='bbox 975 1212 1072 1274; x_wconf 91' lang='lat' dir='ltr'>cum</span> <span class='ocrx_word' id='word_1_39' title='bbox 1090 1185 1167 1269; x_wconf 89' lang='lat' dir='ltr'>viri</span> <span class='ocrx_word' id='word_1_40' title='bbox 1192 1182 1252 1268; x_wconf 85' lang='lat' dir='ltr'>isti</span> <span class='ocrx_word' id='word_1_41' title='bbox 1274 1180 1485 1277; x_wconf 75' lang='lat' dir='ltr'>dostiffimi</span> <span class='ocrx_word' id='word_1_42' title='bbox 1505 1182 1636 1298; x_wconf 82' lang='lat' dir='ltr'>probe</span> <span class='ocrx_word' id='word_1_43' title='bbox 1662 1181 1952 1296; x_wconf 82' lang='lat' dir='ltr'>perspicerent,</span> <span class='ocrx_word' id='word_1_44' title='bbox 1983 1183 2157 1270; x_wconf 80' lang='lat' dir='ltr'>acriores</span> <span class='ocrx_word' id='word_1_45' title='bbox 2182 1166 2404 1297; x_wconf 81' lang='lat' dir='ltr'>superioris</span> 
     </span>
     <span class='ocr_line' id='line_1_8' title="bbox 640 1312 2406 1433; baseline 0.005 -38"><span class='ocrx_word' id='word_1_46' title='bbox 640 1312 714 1397; x_wconf 78' lang='lat' dir='ltr'>avi</span> <span class='ocrx_word' id='word_1_47' title='bbox 732 1319 1023 1410; x_wconf 80' lang='lat' dir='ltr'>controversas</span> <span class='ocrx_word' id='word_1_48' title='bbox 1049 1344 1146 1410; x_wconf 87' lang='lat' dir='ltr'>cunr</span> <span class='ocrx_word' id='word_1_49' title='bbox 1166 1317 1477 1430; x_wconf 89' lang='lat' dir='ltr'>protestantibus</span> <span class='ocrx_word' id='word_1_50' title='bbox 1509 1321 1670 1433; x_wconf 82' lang='lat' dir='ltr'>agitatas</span> <span class='ocrx_word' id='word_1_51' title='bbox 1687 1315 1828 1405; x_wconf 80' lang='lat' dir='ltr'>fruslu</span> <span class='ocrx_word' id='word_1_52' title='bbox 1848 1319 2014 1429; x_wconf 85' lang='lat' dir='ltr'>prorsus</span> <span class='ocrx_word' id='word_1_53' title='bbox 2035 1312 2149 1403; x_wconf 85' lang='lat' dir='ltr'>fuisse</span> <span class='ocrx_word' id='word_1_54' title='bbox 2176 1314 2406 1414; x_wconf 84' lang='lat' dir='ltr'>destitutas,</span> 
     </span>
     <span class='ocr_line' id='line_1_9' title="bbox 640 1440 2406 1564; baseline 0.009 -38"><span class='ocrx_word' id='word_1_55' title='bbox 640 1440 761 1558; x_wconf 88' lang='lat' dir='ltr'>seque</span> <span class='ocrx_word' id='word_1_56' title='bbox 781 1448 851 1535; x_wconf 92' lang='lat' dir='ltr'>suo</span> <span class='ocrx_word' id='word_1_57' title='bbox 872 1449 968 1549; x_wconf 86' lang='lat' dir='ltr'>fine,</span> <span class='ocrx_word' id='word_1_58' title='bbox 996 1450 1223 1547; x_wconf 86' lang='lat' dir='ltr'>revocandi,</span> <span class='ocrx_word' id='word_1_59' title='bbox 1247 1477 1353 1564; x_wconf 92' lang='lat' dir='ltr'>quos</span> <span class='ocrx_word' id='word_1_60' title='bbox 1365 1464 1520 1547; x_wconf 74' lang='lat' dir='ltr'>vocant,¹</span> <span class='ocrx_word' id='word_1_61' title='bbox 1543 1451 1751 1538; x_wconf 71' lang='lat' dir='ltr'>haereticos</span> <span class='ocrx_word' id='word_1_62' title='bbox 1772 1454 1813 1536; x_wconf 92' lang='lat' dir='ltr'>in</span> <span class='ocrx_word' id='word_1_63' title='bbox 1836 1450 1968 1539; x_wconf 81' lang='lat' dir='ltr'>sinum</span> <span class='ocrx_word' id='word_1_64' title='bbox 1991 1448 2163 1538; x_wconf 78' lang='lat' dir='ltr'>ecclesia</span> <span class='ocrx_word' id='word_1_65' title='bbox 2191 1453 2406 1544; x_wconf 81' lang='lat' dir='ltr'>Romanae,</span> 
     </span>
     <span class='ocr_line' id='line_1_10' title="bbox 642 1582 2406 1699; baseline 0.003 -35"><span class='ocrx_word' id='word_1_66' title='bbox 642 1582 970 1678; x_wconf 85' lang='lat' dir='ltr'>excidisse,&#39;aliam</span> <span class='ocrx_word' id='word_1_67' title='bbox 993 1588 1244 1699; x_wconf 83' lang='lat' dir='ltr'>eandemque</span> <span class='ocrx_word' id='word_1_68' title='bbox 1269 1587 1502 1675; x_wconf 87' lang='lat' dir='ltr'>breviorem</span> <span class='ocrx_word' id='word_1_69' title='bbox 1524 1606 1722 1676; x_wconf 89' lang='lat' dir='ltr'>tentarunt</span> <span class='ocrx_word' id='word_1_70' title='bbox 1742 1587 1872 1681; x_wconf 91' lang='lat' dir='ltr'>viam,</span> <span class='ocrx_word' id='word_1_71' title='bbox 1907 1582 2214 1696; x_wconf 80' lang='lat' dir='ltr'>doetrinamque</span> <span class='ocrx_word' id='word_1_72' title='bbox 2241 1583 2293 1669; x_wconf 94' lang='lat' dir='ltr'>de</span> <span class='ocrx_word' id='word_1_73' title='bbox 2309 1609 2406 1671; x_wconf 87' lang='lat' dir='ltr'>vera</span> 
     </span>
     <span class='ocr_line' id='line_1_11' title="bbox 643 1706 2406 1834; baseline 0.002 -37"><span class='ocrx_word' id='word_1_74' title='bbox 643 1712 803 1801; x_wconf 85' lang='lat' dir='ltr'>ecclefia</span> <span class='ocrx_word' id='word_1_75' title='bbox 820 1721 871 1829; x_wconf 82' lang='lat' dir='ltr'>ita</span> <span class='ocrx_word' id='word_1_76' title='bbox 893 1716 1043 1832; x_wconf 88' lang='lat' dir='ltr'>scriptis</span> <span class='ocrx_word' id='word_1_77' title='bbox 1061 1718 1140 1808; x_wconf 91' lang='lat' dir='ltr'>suis</span> <span class='ocrx_word' id='word_1_78' title='bbox 1160 1719 1250 1808; x_wconf 87' lang='lat' dir='ltr'>strnt</span> <span class='ocrx_word' id='word_1_79' title='bbox 1270 1706 1489 1833; x_wconf 82' lang='lat' dir='ltr'>persecuti,</span> <span class='ocrx_word' id='word_1_80' title='bbox 1517 1745 1564 1809; x_wconf 95' lang='lat' dir='ltr'>ut</span> <span class='ocrx_word' id='word_1_81' title='bbox 1591 1719 1900 1833; x_wconf 86' lang='lat' dir='ltr'>protestantibus</span> <span class='ocrx_word' id='word_1_82' title='bbox 1932 1723 1973 1808; x_wconf 93' lang='lat' dir='ltr'>in</span> <span class='ocrx_word' id='word_1_83' title='bbox 1997 1718 2258 1833; x_wconf 83' lang='lat' dir='ltr'>dogmatibus</span> <span class='ocrx_word' id='word_1_84' title='bbox 2283 1714 2406 1834; x_wconf 84' lang='lat' dir='ltr'>sidei,</span> 
     </span>
     <span class='ocr_line' id='line_1_12' title="bbox 639 1850 2406 1965; baseline 0.003 -34"><span class='ocrx_word' id='word_1_85' title='bbox 639 1852 796 1958; x_wconf 86' lang='lat' dir='ltr'>praevio</span> <span class='ocrx_word' id='word_1_86' title='bbox 812 1850 1050 1940; x_wconf 87' lang='lat' dir='ltr'>adcuratiori</span> <span class='ocrx_word' id='word_1_87' title='bbox 1068 1856 1246 1941; x_wconf 84' lang='lat' dir='ltr'>examine</span> <span class='ocrx_word' id='word_1_88' title='bbox 1261 1857 1501 1942; x_wconf 90' lang='lat' dir='ltr'>contrariam</span> <span class='ocrx_word' id='word_1_89' title='bbox 1520 1855 1750 1944; x_wconf 86' lang='lat' dir='ltr'>sententiam</span> <span class='ocrx_word' id='word_1_90' title='bbox 1775 1855 1998 1952; x_wconf 89' lang='lat' dir='ltr'>tuentibus,</span> <span class='ocrx_word' id='word_1_91' title='bbox 2025 1858 2091 1941; x_wconf 87' lang='lat' dir='ltr'>via</span> <span class='ocrx_word' id='word_1_92' title='bbox 2114 1875 2236 1965; x_wconf 88' lang='lat' dir='ltr'>atque</span> <span class='ocrx_word' id='word_1_93' title='bbox 2253 1850 2406 1938; x_wconf 90' lang='lat' dir='ltr'>occasio</span> 
     </span>
     <span class='ocr_line' id='line_1_13' title="bbox 557 1980 2406 2112; baseline 0.003 -47"><span class='ocrx_word' id='word_1_94' title='bbox 557 1980 563 1989; x_wconf 85' lang='lat'>&#39;</span> <span class='ocrx_word' id='word_1_95' title='bbox 641 1983 818 2070; x_wconf 89' lang='lat' dir='ltr'>certandi</span> <span class='ocrx_word' id='word_1_96' title='bbox 841 1988 972 2070; x_wconf 89' lang='lat' dir='ltr'>omnis</span> <span class='ocrx_word' id='word_1_97' title='bbox 992 1990 1151 2097; x_wconf 90' lang='lat' dir='ltr'>penitus</span> <span class='ocrx_word' id='word_1_98' title='bbox 1168 1987 1513 2112; x_wconf 86' lang='lat' dir='ltr'>intercluderetur.</span> <span class='ocrx_word' id='word_1_99' title='bbox 1571 1991 1660 2080; x_wconf 89' lang='lat' dir='ltr'>Sub</span> <span class='ocrx_word' id='word_1_100' title='bbox 1675 1989 1851 2105; x_wconf 88' lang='lat' dir='ltr'>specioso</span> <span class='ocrx_word' id='word_1_101' title='bbox 1868 1992 2063 2076; x_wconf 91' lang='lat' dir='ltr'>nimirum</span> <span class='ocrx_word' id='word_1_102' title='bbox 2092 1986 2335 2096; x_wconf 82' lang='lat' dir='ltr'>antiquitatis</span> <span class='ocrx_word' id='word_1_103' title='bbox 2353 2006 2406 2070; x_wconf 85' lang='lat' dir='ltr'>at·</span> 
     </span>
     <span class='ocr_line' id='line_1_14' title="bbox 615 2113 2406 2223; baseline -0.004 -16"><span class='ocrx_word' id='word_1_104' title='bbox 615 2135 725 2223; x_wconf 79' lang='lat' dir='ltr'>..que</span> <span class='ocrx_word' id='word_1_105' title='bbox 748 2113 1032 2207; x_wconf 88' lang='lat' dir='ltr'>infallibilitatis</span> <span class='ocrx_word' id='word_1_106' title='bbox 1056 2119 1227 2209; x_wconf 86' lang='lat' dir='ltr'>ecclesrae</span> <span class='ocrx_word' id='word_1_107' title='bbox 1253 2124 1457 2212; x_wconf 86' lang='lat' dir='ltr'>catholicae</span> <span class='ocrx_word' id='word_1_108' title='bbox 1485 2122 1602 2217; x_wconf 83' lang='lat' dir='ltr'>iitulo</span> <span class='ocrx_word' id='word_1_109' title='bbox 1626 2123 1704 2210; x_wconf 88' lang='lat' dir='ltr'>sese</span> <span class='ocrx_word' id='word_1_110' title='bbox 1730 2123 1989 2214; x_wconf 81' lang='lat' dir='ltr'>occultando,</span> <span class='ocrx_word' id='word_1_111' title='bbox 2014 2121 2245 2207; x_wconf 85' lang='lat' dir='ltr'>intentatam</span> <span class='ocrx_word' id='word_1_112' title='bbox 2264 2113 2335 2201; x_wconf 81' lang='lat' dir='ltr'>fibi</span> <span class='ocrx_word' id='word_1_113' title='bbox 2364 2115 2406 2200; x_wconf 86' lang='lat' dir='ltr'>li·</span> 
     </span>
     <span class='ocr_line' id='line_1_15' title="bbox 642 2246 2406 2368; baseline 0.005 -38"><span class='ocrx_word' id='word_1_114' title='bbox 642 2264 746 2341; x_wconf 90' lang='lat' dir='ltr'>tem,</span> <span class='ocrx_word' id='word_1_115' title='bbox 769 2252 821 2337; x_wconf 90' lang='lat' dir='ltr'>de</span> <span class='ocrx_word' id='word_1_116' title='bbox 836 2254 956 2338; x_wconf 83' lang='lat' dir='ltr'>variis</span> <span class='ocrx_word' id='word_1_117' title='bbox 969 2254 1097 2365; x_wconf 85' lang='lat' dir='ltr'>iisque</span> <span class='ocrx_word' id='word_1_118' title='bbox 1116 2255 1351 2368; x_wconf 82' lang='lat' dir='ltr'>gravisfimis</span> <span class='ocrx_word' id='word_1_119' title='bbox 1367 2260 1407 2343; x_wconf 94' lang='lat' dir='ltr'>in</span> <span class='ocrx_word' id='word_1_120' title='bbox 1423 2259 1634 2349; x_wconf 86' lang='lat' dir='ltr'>coelestem</span> <span class='ocrx_word' id='word_1_121' title='bbox 1643 2250 2038 2349; x_wconf 76' lang='lat' dir='ltr'>doslrinaminveslis</span> <span class='ocrx_word' id='word_1_122' title='bbox 2050 2246 2287 2362; x_wconf 87' lang='lat' dir='ltr'>corruptelis</span> <span class='ocrx_word' id='word_1_123' title='bbox 2297 2247 2406 2338; x_wconf 88' lang='lat' dir='ltr'>velut</span> 
     </span>
    </p>
   </div>
   <div class='ocr_carea' id='block_1_3' title="bbox 317 2355 2406 2507">
    <p class='ocr_par' dir='ltr' id='par_1_5' title="bbox 317 2355 2406 2507">
     <span class='ocr_line' id='line_1_16' title="bbox 317 2355 2406 2507; baseline 0.01 -50"><span class='ocrx_word' id='word_1_124' title='bbox 317 2355 320 2364; x_wconf 72' lang='grc'><strong>’</strong></span> <span class='ocrx_word' id='word_1_125' title='bbox 420 2432 427 2439; x_wconf 89' lang='grc'><strong>-</strong></span> <span class='ocrx_word' id='word_1_126' title='bbox 551 2366 576 2467; x_wconf 56' lang='grc' dir='ltr'>ᾗ</span> <span class='ocrx_word' id='word_1_127' title='bbox 624 2402 728 2479; x_wconf 32' lang='lat' dir='ltr'>,uno</span> <span class='ocrx_word' id='word_1_128' title='bbox 748 2381 832 2469; x_wconf 71' lang='lat' dir='ltr'>istu</span> <span class='ocrx_word' id='word_1_129' title='bbox 852 2383 1068 2469; x_wconf 89' lang='lat' dir='ltr'>retundere</span> <span class='ocrx_word' id='word_1_130' title='bbox 1084 2410 1133 2497; x_wconf 85' lang='lat' dir='ltr'>ac</span> <span class='ocrx_word' id='word_1_131' title='bbox 1157 2384 1370 2475; x_wconf 80' lang='lat' dir='ltr'>dissolvere</span> <span class='ocrx_word' id='word_1_132' title='bbox 1388 2390 1426 2475; x_wconf 90' lang='lat' dir='ltr'>se</span> <span class='ocrx_word' id='word_1_133' title='bbox 1442 2392 1578 2507; x_wconf 86' lang='lat' dir='ltr'>posse,</span> <span class='ocrx_word' id='word_1_134' title='bbox 1605 2388 1675 2477; x_wconf 86' lang='lat' dir='ltr'>fibi</span> <span class='ocrx_word' id='word_1_135' title='bbox 1707 2388 1872 2504; x_wconf 88' lang='lat' dir='ltr'>aliisque</span> <span class='ocrx_word' id='word_1_136' title='bbox 1895 2384 2138 2500; x_wconf 88' lang='lat' dir='ltr'>persuadere</span> <span class='ocrx_word' id='word_1_137' title='bbox 2160 2382 2280 2470; x_wconf 77' lang='lat' dir='ltr'>annisi</span> <span class='ocrx_word' id='word_1_138' title='bbox 2300 2383 2406 2488; x_wconf 88' lang='lat' dir='ltr'>sunt,</span> 
     </span>
    </p>
   </div>
   <div class='ocr_carea' id='block_1_4' title="bbox 433 2511 2406 3192">
    <p class='ocr_par' dir='ltr' id='par_1_6' title="bbox 433 2511 2406 2761">
     <span class='ocr_line' id='line_1_17' title="bbox 642 2511 2406 2645; baseline 0.011 -46"><span class='ocrx_word' id='word_1_139' title='bbox 642 2511 878 2621; x_wconf 77' lang='lat' dir='ltr'>caussantes,</span> <span class='ocrx_word' id='word_1_140' title='bbox 904 2515 1027 2610; x_wconf 89' lang='lat' dir='ltr'>fidem</span> <span class='ocrx_word' id='word_1_141' title='bbox 1045 2517 1355 2611; x_wconf 86' lang='lat' dir='ltr'>christianorum</span> <span class='ocrx_word' id='word_1_142' title='bbox 1374 2548 1427 2611; x_wconf 87' lang='lat' dir='ltr'>ex</span> <span class='ocrx_word' id='word_1_143' title='bbox 1441 2523 1599 2613; x_wconf 79' lang='lat' dir='ltr'>ecclesia</span> <span class='ocrx_word' id='word_1_144' title='bbox 1620 2524 1778 2639; x_wconf 85' lang='lat' dir='ltr'>potius,</span> <span class='ocrx_word' id='word_1_145' title='bbox 1804 2544 1930 2638; x_wconf 90' lang='lat' dir='ltr'>quam</span> <span class='ocrx_word' id='word_1_146' title='bbox 1952 2517 2155 2609; x_wconf 85' lang='lat' dir='ltr'>ecolefiam</span> <span class='ocrx_word' id='word_1_147' title='bbox 2172 2548 2223 2611; x_wconf 89' lang='lat' dir='ltr'>ex</span> <span class='ocrx_word' id='word_1_148' title='bbox 2246 2524 2326 2618; x_wconf 82' lang='lat' dir='ltr'>side</span> <span class='ocrx_word' id='word_1_149' title='bbox 2341 2554 2406 2645; x_wconf 83' lang='lat' dir='ltr'>co·</span> 
     </span>
     <span class='ocr_line' id='line_1_18' title="bbox 433 2646 971 2761; baseline -0.002 -29"><span class='ocrx_word' id='word_1_150' title='bbox 433 2653 509 2681; x_wconf 84' lang='grc'>”</span> <span class='ocrx_word' id='word_1_151' title='bbox 644 2646 794 2761; x_wconf 87' lang='lat' dir='ltr'>gnosci.</span> <span class='ocrx_word' id='word_1_152' title='bbox 959 2744 971 2761; x_wconf 25' lang='grc' dir='ltr'>ἱ</span> 
     </span>
    </p>

    <p class='ocr_par' dir='ltr' id='par_1_7' title="bbox 515 2788 2406 3192">
     <span class='ocr_line' id='line_1_19' title="bbox 515 2788 2406 2911; baseline 0.007 -25"><span class='ocrx_word' id='word_1_153' title='bbox 515 2838 535 2859; x_wconf 84' lang='grc'>--</span> <span class='ocrx_word' id='word_1_154' title='bbox 774 2801 913 2911; x_wconf 86' lang='lat' dir='ltr'>Atque</span> <span class='ocrx_word' id='word_1_155' title='bbox 926 2801 1014 2891; x_wconf 87' lang='lat' dir='ltr'>haec</span> <span class='ocrx_word' id='word_1_156' title='bbox 1029 2801 1275 2893; x_wconf 89' lang='lat' dir='ltr'>luculentior</span> <span class='ocrx_word' id='word_1_157' title='bbox 1296 2807 1496 2905; x_wconf 78' lang='lat' dir='ltr'>trastatio,</span> <span class='ocrx_word' id='word_1_158' title='bbox 1525 2804 1697 2895; x_wconf 89' lang='lat' dir='ltr'>studiose</span> <span class='ocrx_word' id='word_1_159' title='bbox 1718 2830 1742 2891; x_wconf 90' lang='lat' dir='ltr'>a</span> <span class='ocrx_word' id='word_1_160' title='bbox 1760 2800 1877 2893; x_wconf 83' lang='lat' dir='ltr'>nobis</span> <span class='ocrx_word' id='word_1_161' title='bbox 1894 2788 2070 2892; x_wconf 88' lang='lat' dir='ltr'>instituta</span> <span class='ocrx_word' id='word_1_162' title='bbox 2095 2811 2142 2900; x_wconf 79' lang='lat' dir='ltr'>dc</span> <span class='ocrx_word' id='word_1_163' title='bbox 2161 2804 2296 2896; x_wconf 90' lang='lat' dir='ltr'>adhuc</span> <span class='ocrx_word' id='word_1_164' title='bbox 2315 2809 2406 2899; x_wconf 82' lang='lat' dir='ltr'>ube</span> 
     </span>
     <span class='ocr_line' id='line_1_20' title="bbox 593 2936 2406 3058; baseline 0.003 -35"><span class='ocrx_word' id='word_1_165' title='bbox 593 2976 596 2983; x_wconf 96' lang='lat'>·</span> <span class='ocrx_word' id='word_1_166' title='bbox 646 2938 732 3024; x_wconf 91' lang='lat' dir='ltr'>rius</span> <span class='ocrx_word' id='word_1_167' title='bbox 751 2936 1005 3032; x_wconf 87' lang='lat' dir='ltr'>instituenda,</span> <span class='ocrx_word' id='word_1_168' title='bbox 1034 2962 1182 3050; x_wconf 84' lang='lat' dir='ltr'>praeter</span> <span class='ocrx_word' id='word_1_169' title='bbox 1196 2942 1406 3054; x_wconf 89' lang='lat' dir='ltr'>copiosam</span> <span class='ocrx_word' id='word_1_170' title='bbox 1427 2944 1654 3058; x_wconf 86' lang='lat' dir='ltr'>argumenti</span> <span class='ocrx_word' id='word_1_171' title='bbox 1678 2938 1730 3028; x_wconf 93' lang='lat' dir='ltr'>de</span> <span class='ocrx_word' id='word_1_172' title='bbox 1755 2939 1897 3049; x_wconf 76' lang='lat' dir='ltr'>etrlefta</span> <span class='ocrx_word' id='word_1_173' title='bbox 1917 2940 2227 3055; x_wconf 82' lang='lat' dir='ltr'>expofirionem,</span> <span class='ocrx_word' id='word_1_174' title='bbox 2255 2943 2306 3029; x_wconf 90' lang='lat' dir='ltr'>ab</span> <span class='ocrx_word' id='word_1_175' title='bbox 2323 2943 2406 3057; x_wconf 89' lang='lat' dir='ltr'>ipso</span> 
     </span>
     <span class='ocr_line' id='line_1_21' title="bbox 646 3070 2406 3192; baseline 0.005 -36"><span class='ocrx_word' id='word_1_176' title='bbox 646 3070 814 3162; x_wconf 70' lang='lat' dir='ltr'>aussore</span> <span class='ocrx_word' id='word_1_177' title='bbox 830 3096 960 3185; x_wconf 83' lang='lat' dir='ltr'>usque</span> <span class='ocrx_word' id='word_1_178' title='bbox 980 3071 1031 3159; x_wconf 87' lang='lat' dir='ltr'>ad</span> <span class='ocrx_word' id='word_1_179' title='bbox 1051 3072 1139 3185; x_wconf 89' lang='lat' dir='ltr'>ejus</span> <span class='ocrx_word' id='word_1_180' title='bbox 1157 3096 1341 3188; x_wconf 87' lang='lat' dir='ltr'>tempora</span> <span class='ocrx_word' id='word_1_181' title='bbox 1359 3077 1607 3178; x_wconf 83' lang='lat' dir='ltr'>absolutam,</span> <span class='ocrx_word' id='word_1_182' title='bbox 1637 3073 1789 3175; x_wconf 60' lang='lat' dir='ltr'>effecit,</span> <span class='ocrx_word' id='word_1_183' title='bbox 1819 3102 1866 3166; x_wconf 93' lang='lat' dir='ltr'>ut</span> <span class='ocrx_word' id='word_1_184' title='bbox 1890 3079 1942 3166; x_wconf 89' lang='lat' dir='ltr'>de</span> <span class='ocrx_word' id='word_1_185' title='bbox 1974 3076 2188 3192; x_wconf 84' lang='lat' dir='ltr'>separanda</span> <span class='ocrx_word' id='word_1_186' title='bbox 2213 3077 2406 3166; x_wconf 74' lang='lat' dir='ltr'>treblano</span> 
     </span>
    </p>
   </div>
   <div class='ocr_carea' id='block_1_5' title="bbox 645 3206 2406 3457">
    <p class='ocr_par' dir='ltr' id='par_1_8' title="bbox 645 3206 2406 3457">
     <span class='ocr_line' id='line_1_22' title="bbox 645 3206 2406 3323; baseline 0.005 -32"><span class='ocrx_word' id='word_1_187' title='bbox 645 3209 706 3292; x_wconf 89' lang='lat' dir='ltr'>nis</span> <span class='ocrx_word' id='word_1_188' title='bbox 719 3206 840 3317; x_wconf 78' lang='lat' dir='ltr'>buius</span> <span class='ocrx_word' id='word_1_189' title='bbox 855 3229 969 3319; x_wconf 88' lang='lat' dir='ltr'>parte</span> <span class='ocrx_word' id='word_1_190' title='bbox 990 3212 1037 3299; x_wconf 92' lang='lat'>&amp;</span> <span class='ocrx_word' id='word_1_191' title='bbox 1053 3206 1259 3296; x_wconf 86' lang='lat' dir='ltr'>volumine</span> <span class='ocrx_word' id='word_1_192' title='bbox 1277 3216 1466 3322; x_wconf 88' lang='lat' dir='ltr'>proxime</span> <span class='ocrx_word' id='word_1_193' title='bbox 1493 3215 1682 3304; x_wconf 89' lang='lat' dir='ltr'>secuturo</span> <span class='ocrx_word' id='word_1_194' title='bbox 1705 3211 2086 3323; x_wconf 83' lang='lat' dir='ltr'>comprehendenda</span> <span class='ocrx_word' id='word_1_195' title='bbox 2110 3210 2318 3300; x_wconf 85' lang='lat' dir='ltr'>confilium</span> <span class='ocrx_word' id='word_1_196' title='bbox 2350 3235 2406 3300; x_wconf 82' lang='lat' dir='ltr'>co</span> 
     </span>
     <span class='ocr_line' id='line_1_23' title="bbox 648 3337 2265 3457; baseline 0.006 -34"><span class='ocrx_word' id='word_1_197' title='bbox 648 3363 855 3453; x_wconf 80' lang='lat' dir='ltr'>peremtis,</span> <span class='ocrx_word' id='word_1_198' title='bbox 882 3365 933 3423; x_wconf 89' lang='lat' dir='ltr'>ne</span> <span class='ocrx_word' id='word_1_199' title='bbox 950 3340 990 3422; x_wconf 92' lang='lat' dir='ltr'>in</span> <span class='ocrx_word' id='word_1_200' title='bbox 1004 3337 1157 3424; x_wconf 89' lang='lat' dir='ltr'>molem</span> <span class='ocrx_word' id='word_1_201' title='bbox 1181 3339 1347 3452; x_wconf 89' lang='lat' dir='ltr'>reliquis</span> <span class='ocrx_word' id='word_1_202' title='bbox 1365 3344 1488 3455; x_wconf 86' lang='lat' dir='ltr'>longe</span> <span class='ocrx_word' id='word_1_203' title='bbox 1508 3347 1703 3457; x_wconf 81' lang='lat' dir='ltr'>majorem</span> <span class='ocrx_word' id='word_1_204' title='bbox 1723 3343 1835 3430; x_wconf 83' lang='lat' dir='ltr'>hicce</span> <span class='ocrx_word' id='word_1_205' title='bbox 1855 3369 1993 3434; x_wconf 78' lang='lat' dir='ltr'>temus</span> <span class='ocrx_word' id='word_1_206' title='bbox 2010 3344 2265 3433; x_wconf 85' lang='lat' dir='ltr'>excresceret.</span> 
     </span>
    </p>
   </div>
   <div class='ocr_carea' id='block_1_6' title="bbox 776 3479 2406 3608">
    <p class='ocr_par' dir='ltr' id='par_1_9' title="bbox 776 3479 2406 3608">
     <span class='ocr_line' id='line_1_24' title="bbox 776 3479 2406 3608; baseline -0.003 -39"><span class='ocrx_word' id='word_1_207' title='bbox 776 3484 1007 3593; x_wconf 87' lang='lat' dir='ltr'>Augebitur</span> <span class='ocrx_word' id='word_1_208' title='bbox 1027 3505 1222 3608; x_wconf 15' lang='lat' dir='ltr'>prae-,terea</span> <span class='ocrx_word' id='word_1_209' title='bbox 1244 3483 1486 3598; x_wconf 87' lang='lat' dir='ltr'>subsequens</span> <span class='ocrx_word' id='word_1_210' title='bbox 1510 3495 1705 3578; x_wconf 83' lang='lat' dir='ltr'>volumen</span> <span class='ocrx_word' id='word_1_211' title='bbox 1731 3481 1919 3596; x_wconf 71' lang='lat' dir='ltr'>singulari</span> <span class='ocrx_word' id='word_1_212' title='bbox 1945 3481 2246 3593; x_wconf 83' lang='lat' dir='ltr'>firpplemento,</span> <span class='ocrx_word' id='word_1_213' title='bbox 2264 3479 2406 3576; x_wconf 65' lang='lat' dir='ltr'>”recem</span> 
     </span>
    </p>
   </div>
   <div class='ocr_carea' id='block_1_7' title="bbox 447 3613 2406 3736">
    <p class='ocr_par' dir='ltr' id='par_1_10' title="bbox 447 3613 2406 3736">
     <span class='ocr_line' id='line_1_25' title="bbox 447 3613 2406 3736; baseline 0.006 -38"><span class='ocrx_word' id='word_1_214' title='bbox 447 3691 453 3698; x_wconf 84' lang='lat'><strong>.</strong></span> <span class='ocrx_word' id='word_1_215' title='bbox 516 3663 518 3667; x_wconf 94' lang='lat'>·</span> <span class='ocrx_word' id='word_1_216' title='bbox 558 3689 570 3736; x_wconf 88' lang='lat'>.-</span> <span class='ocrx_word' id='word_1_217' title='bbox 649 3616 818 3704; x_wconf 88' lang='lat' dir='ltr'>tioribus</span> <span class='ocrx_word' id='word_1_218' title='bbox 836 3616 1010 3700; x_wconf 88' lang='lat' dir='ltr'>maxime</span> <span class='ocrx_word' id='word_1_219' title='bbox 1030 3614 1310 3702; x_wconf 82' lang='lat' dir='ltr'>controversiis</span> <span class='ocrx_word' id='word_1_220' title='bbox 1333 3618 1452 3730; x_wconf 86' lang='lat' dir='ltr'>supra</span> <span class='ocrx_word' id='word_1_221' title='bbox 1481 3618 1713 3702; x_wconf 89' lang='lat' dir='ltr'>memoratis</span> <span class='ocrx_word' id='word_1_222' title='bbox 1736 3615 1964 3723; x_wconf 80' lang='lat' dir='ltr'>pleniorem</span> <span class='ocrx_word' id='word_1_223' title='bbox 1983 3613 2116 3703; x_wconf 88' lang='lat' dir='ltr'>lucem</span> <span class='ocrx_word' id='word_1_224' title='bbox 2144 3613 2406 3722; x_wconf 85' lang='lat' dir='ltr'>adfundente,</span> 
     </span>
    </p>
   </div>
   <div class='ocr_carea' id='block_1_8' title="bbox 610 3745 2406 4006">
    <p class='ocr_par' dir='ltr' id='par_1_11' title="bbox 610 3745 2406 4006">
     <span class='ocr_line' id='line_1_26' title="bbox 648 3745 2406 3863; baseline 0.003 -25"><span class='ocrx_word' id='word_1_225' title='bbox 648 3755 712 3838; x_wconf 91' lang='lat' dir='ltr'>cui</span> <span class='ocrx_word' id='word_1_226' title='bbox 729 3749 832 3862; x_wconf 80' lang='lat' dir='ltr'>justo</span> <span class='ocrx_word' id='word_1_227' title='bbox 849 3745 990 3833; x_wconf 89' lang='lat' dir='ltr'>ordine</span> <span class='ocrx_word' id='word_1_228' title='bbox 1008 3745 1189 3833; x_wconf 88' lang='lat' dir='ltr'>succedet</span> <span class='ocrx_word' id='word_1_229' title='bbox 1203 3745 1316 3834; x_wconf 86' lang='lat' dir='ltr'>locus</span> <span class='ocrx_word' id='word_1_230' title='bbox 1330 3751 1375 3836; x_wconf 84' lang='lat' dir='ltr'>dt</span> <span class='ocrx_word' id='word_1_231' title='bbox 1397 3747 1608 3863; x_wconf 80' lang='lat' dir='ltr'>mirtiflerio</span> <span class='ocrx_word' id='word_1_232' title='bbox 1626 3745 1875 3859; x_wconf 71' lang='lat' dir='ltr'>ece-sqsafirro,</span> <span class='ocrx_word' id='word_1_233' title='bbox 1902 3751 1942 3831; x_wconf 93' lang='lat' dir='ltr'>in</span> <span class='ocrx_word' id='word_1_234' title='bbox 1961 3772 2048 3860; x_wconf 91' lang='lat' dir='ltr'>quo</span> <span class='ocrx_word' id='word_1_235' title='bbox 2076 3748 2330 3840; x_wconf 88' lang='lat' dir='ltr'>emendando</span> <span class='ocrx_word' id='word_1_236' title='bbox 2357 3781 2406 3845; x_wconf 69' lang='lat' dir='ltr'>at«</span> 
     </span>
     <span class='ocr_line' id='line_1_27' title="bbox 610 3877 2406 4006; baseline 0.002 -36"><span class='ocrx_word' id='word_1_237' title='bbox 610 3897 626 3926; x_wconf 80' lang='grc'>”</span> <span class='ocrx_word' id='word_1_238' title='bbox 650 3877 999 4006; x_wconf 86' lang='lat' dir='ltr'>queillusirando,</span> <span class='ocrx_word' id='word_1_239' title='bbox 1025 3878 1158 3964; x_wconf 90' lang='lat' dir='ltr'>divina</span> <span class='ocrx_word' id='word_1_240' title='bbox 1185 3877 1405 3992; x_wconf 89' lang='lat' dir='ltr'>adspirante</span> <span class='ocrx_word' id='word_1_241' title='bbox 1430 3882 1577 3995; x_wconf 85' lang='lat' dir='ltr'>gratia,</span> <span class='ocrx_word' id='word_1_242' title='bbox 1602 3881 1789 3972; x_wconf 89' lang='lat' dir='ltr'>eandem,</span> <span class='ocrx_word' id='word_1_243' title='bbox 1816 3906 1940 3991; x_wconf 89' lang='lat' dir='ltr'>quam</span> <span class='ocrx_word' id='word_1_244' title='bbox 1972 3884 2012 3965; x_wconf 93' lang='lat' dir='ltr'>in</span> <span class='ocrx_word' id='word_1_245' title='bbox 2044 3882 2248 3994; x_wconf 87' lang='lat' dir='ltr'>prioribus</span> <span class='ocrx_word' id='word_1_246' title='bbox 2267 3891 2406 3984; x_wconf 87' lang='lat' dir='ltr'>tomis,</span> 
     </span>
    </p>
   </div>
   <div class='ocr_carea' id='block_1_9' title="bbox 430 4010 2406 4134">
    <p class='ocr_par' dir='ltr' id='par_1_12' title="bbox 430 4010 2406 4134">
     <span class='ocr_line' id='line_1_28' title="bbox 430 4010 2406 4134; baseline -0.002 -29"><span class='ocrx_word' id='word_1_247' title='bbox 430 4031 432 4036; x_wconf 82' lang='lat'>&#39;</span> <span class='ocrx_word' id='word_1_248' title='bbox 564 4129 566 4134; x_wconf 16' lang='grc' dir='ltr'>Ι</span> <span class='ocrx_word' id='word_1_249' title='bbox 652 4013 938 4105; x_wconf 88' lang='lat' dir='ltr'>collocabimus</span> <span class='ocrx_word' id='word_1_250' title='bbox 956 4033 1127 4121; x_wconf 90' lang='lat' dir='ltr'>operam</span> <span class='ocrx_word' id='word_1_251' title='bbox 1144 4012 1394 4110; x_wconf 80' lang='lat' dir='ltr'>indefessam,</span> <span class='ocrx_word' id='word_1_252' title='bbox 1421 4015 1635 4100; x_wconf 85' lang='lat' dir='ltr'>editionem</span> <span class='ocrx_word' id='word_1_253' title='bbox 1652 4010 1767 4098; x_wconf 82' lang='lat' dir='ltr'>fimus</span> <span class='ocrx_word' id='word_1_254' title='bbox 1779 4015 1875 4096; x_wconf 91' lang='lat' dir='ltr'>novi</span> <span class='ocrx_word' id='word_1_255' title='bbox 1890 4013 1988 4097; x_wconf 94' lang='lat' dir='ltr'>tomi</span> <span class='ocrx_word' id='word_1_256' title='bbox 1997 4063 2008 4106; x_wconf 89' lang='lat'>,</span> <span class='ocrx_word' id='word_1_257' title='bbox 2036 4013 2148 4127; x_wconf 91' lang='lat' dir='ltr'>quod</span> <span class='ocrx_word' id='word_1_258' title='bbox 2166 4018 2207 4099; x_wconf 95' lang='lat' dir='ltr'>in</span> <span class='ocrx_word' id='word_1_259' title='bbox 2225 4015 2406 4132; x_wconf 69' lang='lat' dir='ltr'>hoepro,</span> 
     </span>
    </p>
   </div>
   <div class='ocr_carea' id='block_1_10' title="bbox 625 4141 2406 4372">
    <p class='ocr_par' dir='ltr' id='par_1_13' title="bbox 625 4141 2406 4372">
     <span class='ocr_line' id='line_1_29' title="bbox 625 4141 2406 4264; baseline -0.004 -28"><span class='ocrx_word' id='word_1_260' title='bbox 625 4165 629 4172; x_wconf 86' lang='grc'>·</span> <span class='ocrx_word' id='word_1_261' title='bbox 652 4174 743 4262; x_wconf 90' lang='lat' dir='ltr'>pter</span> <span class='ocrx_word' id='word_1_262' title='bbox 758 4152 882 4244; x_wconf 88' lang='lat' dir='ltr'>varia,</span> <span class='ocrx_word' id='word_1_263' title='bbox 909 4171 1001 4259; x_wconf 86' lang='lat' dir='ltr'>quae</span> <span class='ocrx_word' id='word_1_264' title='bbox 1018 4144 1058 4231; x_wconf 86' lang='lat' dir='ltr'>se</span> <span class='ocrx_word' id='word_1_265' title='bbox 1077 4143 1337 4260; x_wconf 83' lang='lat' dir='ltr'>obtulerunt,</span> <span class='ocrx_word' id='word_1_266' title='bbox 1364 4147 1649 4264; x_wconf 90' lang='lat' dir='ltr'>impedimenta</span> <span class='ocrx_word' id='word_1_267' title='bbox 1667 4143 1752 4233; x_wconf 87' lang='lat' dir='ltr'>fieri</span> <span class='ocrx_word' id='word_1_268' title='bbox 1772 4141 1880 4233; x_wconf 91' lang='lat' dir='ltr'>baud</span> <span class='ocrx_word' id='word_1_269' title='bbox 1895 4144 2048 4257; x_wconf 87' lang='lat' dir='ltr'>potuit,</span> <span class='ocrx_word' id='word_1_270' title='bbox 2073 4150 2406 4259; x_wconf 85' lang='lat' dir='ltr'>proviribusma.</span> 
     </span>
     <span class='ocr_line' id='line_1_30' title="bbox 653 4308 1439 4372; baseline -0.005 -1"><span class='ocrx_word' id='word_1_271' title='bbox 653 4308 838 4372; x_wconf 88' lang='lat' dir='ltr'>turaturr.</span> <span class='ocrx_word' id='word_1_272' title='bbox 1436 4319 1439 4325; x_wconf 94' lang='lat'><em>·</em></span> 
     </span>
    </p>
   </div>
   <div class='ocr_carea' id='block_1_11' title="bbox 654 4418 2406 4938">
    <p class='ocr_par' dir='ltr' id='par_1_14' title="bbox 654 4418 2406 4938">
     <span class='ocr_line' id='line_1_31' title="bbox 780 4418 2406 4539; baseline -0.002 -24"><span class='ocrx_word' id='word_1_273' title='bbox 780 4429 919 4539; x_wconf 85' lang='lat' dir='ltr'>Atque</span> <span class='ocrx_word' id='word_1_274' title='bbox 936 4425 990 4511; x_wconf 91' lang='lat' dir='ltr'>ita</span> <span class='ocrx_word' id='word_1_275' title='bbox 1007 4447 1082 4512; x_wconf 88' lang='lat' dir='ltr'>nos</span> <span class='ocrx_word' id='word_1_276' title='bbox 1107 4448 1305 4537; x_wconf 88' lang='lat' dir='ltr'>curasque</span> <span class='ocrx_word' id='word_1_277' title='bbox 1328 4425 1480 4514; x_wconf 86' lang='lat' dir='ltr'>nostras</span> <span class='ocrx_word' id='word_1_278' title='bbox 1500 4422 1700 4515; x_wconf 74' lang='lat' dir='ltr'>sessorum</span> <span class='ocrx_word' id='word_1_279' title='bbox 1726 4421 2015 4510; x_wconf 81' lang='lat' dir='ltr'>benevolentia</span> <span class='ocrx_word' id='word_1_280' title='bbox 2041 4418 2176 4508; x_wconf 90' lang='lat' dir='ltr'>denuo</span> <span class='ocrx_word' id='word_1_281' title='bbox 2207 4447 2406 4513; x_wconf 87' lang='lat' dir='ltr'>commen-</span> 
     </span>
     <span class='ocr_line' id='line_1_32' title="bbox 654 4554 2406 4671; baseline -0.001 -24"><span class='ocrx_word' id='word_1_282' title='bbox 654 4561 819 4654; x_wconf 85' lang='lat' dir='ltr'>damus,</span> <span class='ocrx_word' id='word_1_283' title='bbox 848 4556 1087 4670; x_wconf 82' lang='lat' dir='ltr'>infimosque</span> <span class='ocrx_word' id='word_1_284' title='bbox 1098 4557 1236 4645; x_wconf 88' lang='lat' dir='ltr'>Deum</span> <span class='ocrx_word' id='word_1_285' title='bbox 1253 4584 1338 4671; x_wconf 81' lang='lat' dir='ltr'>opt</span> <span class='ocrx_word' id='word_1_286' title='bbox 1353 4579 1457 4646; x_wconf 88' lang='lat' dir='ltr'>max.</span> <span class='ocrx_word' id='word_1_287' title='bbox 1479 4580 1694 4671; x_wconf 91' lang='lat' dir='ltr'>precamur</span> <span class='ocrx_word' id='word_1_288' title='bbox 1717 4556 1935 4670; x_wconf 86' lang='lat' dir='ltr'>supplices,</span> <span class='ocrx_word' id='word_1_289' title='bbox 1963 4579 2008 4641; x_wconf 95' lang='lat' dir='ltr'>ut</span> <span class='ocrx_word' id='word_1_290' title='bbox 2032 4554 2241 4643; x_wconf 79' lang='lat' dir='ltr'>comtibus</span> <span class='ocrx_word' id='word_1_291' title='bbox 2267 4559 2406 4646; x_wconf 87' lang='lat' dir='ltr'>nostris</span> 
     </span>
     <span class='ocr_line' id='line_1_33' title="bbox 654 4675 2406 4808; baseline 0.002 -28"><span class='ocrx_word' id='word_1_292' title='bbox 654 4722 781 4807; x_wconf 86' lang='lat' dir='ltr'>porro</span> <span class='ocrx_word' id='word_1_293' title='bbox 798 4692 927 4780; x_wconf 89' lang='lat' dir='ltr'>faveat</span> <span class='ocrx_word' id='word_1_294' title='bbox 943 4675 1235 4804; x_wconf 79' lang='lat' dir='ltr'>benignissime,</span> <span class='ocrx_word' id='word_1_295' title='bbox 1263 4718 1312 4779; x_wconf 87' lang='lat' dir='ltr'>ex</span> <span class='ocrx_word' id='word_1_296' title='bbox 1335 4696 1466 4808; x_wconf 90' lang='lat' dir='ltr'>iisque</span> <span class='ocrx_word' id='word_1_297' title='bbox 1483 4693 1524 4777; x_wconf 92' lang='lat' dir='ltr'>in</span> <span class='ocrx_word' id='word_1_298' title='bbox 1551 4714 1640 4776; x_wconf 89' lang='lat' dir='ltr'>rem</span> <span class='ocrx_word' id='word_1_299' title='bbox 1671 4687 1877 4800; x_wconf 88' lang='lat' dir='ltr'>publicam</span> <span class='ocrx_word' id='word_1_300' title='bbox 1903 4685 2156 4778; x_wconf 82' lang='lat' dir='ltr'>christianam</span> <span class='ocrx_word' id='word_1_301' title='bbox 2183 4687 2406 4802; x_wconf 86' lang='lat' dir='ltr'>plurimum</span> 
     </span>
     <span class='ocr_line' id='line_1_34' title="bbox 658 4821 1234 4938; baseline 0.005 -24"><span class='ocrx_word' id='word_1_302' title='bbox 658 4825 882 4914; x_wconf 84' lang='lat' dir='ltr'>redundare</span> <span class='ocrx_word' id='word_1_303' title='bbox 899 4825 1033 4938; x_wconf 84' lang='lat' dir='ltr'>jubeat</span> <span class='ocrx_word' id='word_1_304' title='bbox 1046 4821 1234 4917; x_wconf 89' lang='lat' dir='ltr'>utilitatis,</span> 
     </span>
    </p>
   </div>
   <div class='ocr_carea' id='block_1_12' title="bbox 635 5001 2145 5330">
    <p class='ocr_par' dir='ltr' id='par_1_15' title="bbox 635 5001 2145 5330">
     <span class='ocr_line' id='line_1_35' title="bbox 635 5001 2145 5162; baseline -0.001 -26"><span class='ocrx_word' id='word_1_305' title='bbox 635 5051 640 5068; x_wconf 86' lang='lat'><em>&#39;</em></span> <span class='ocrx_word' id='word_1_306' title='bbox 718 5139 720 5144; x_wconf 77' lang='grc'>,</span> <span class='ocrx_word' id='word_1_307' title='bbox 773 5037 1011 5162; x_wconf 86' lang='lat' dir='ltr'>Scripsrmus</span> <span class='ocrx_word' id='word_1_308' title='bbox 1026 5045 1234 5159; x_wconf 84' lang='lat' dir='ltr'>Tubingae</span> <span class='ocrx_word' id='word_1_309' title='bbox 1251 5049 1290 5132; x_wconf 94' lang='lat' dir='ltr'>in</span> <span class='ocrx_word' id='word_1_310' title='bbox 1306 5029 1506 5134; x_wconf 88' lang='lat' dir='ltr'>academia</span> <span class='ocrx_word' id='word_1_311' title='bbox 1521 5037 2017 5162; x_wconf 80' lang='lat' dir='ltr'>Eberhardino·Carolint</span> <span class='ocrx_word' id='word_1_312' title='bbox 2141 5001 2145 5010; x_wconf 24' lang='grc' dir='ltr'>Ι</span> 
     </span>
     <span class='ocr_line' id='line_1_36' title="bbox 912 5176 2120 5330; baseline 0.01 -64"><span class='ocrx_word' id='word_1_313' title='bbox 912 5179 976 5267; x_wconf 91' lang='lat' dir='ltr'>die</span> <span class='ocrx_word' id='word_1_314' title='bbox 998 5204 1064 5294; x_wconf 87' lang='lat'>31.</span> <span class='ocrx_word' id='word_1_315' title='bbox 1090 5178 1211 5271; x_wconf 75' lang='lat' dir='ltr'>Mart,</span> <span class='ocrx_word' id='word_1_316' title='bbox 1247 5185 1297 5275; x_wconf 83' lang='lat' dir='ltr'>A.</span> <span class='ocrx_word' id='word_1_317' title='bbox 1317 5180 1368 5271; x_wconf 91' lang='lat'>0.</span> <span class='ocrx_word' id='word_1_318' title='bbox 1394 5181 1438 5271; x_wconf 87' lang='lat' dir='ltr'>ll.</span> <span class='ocrx_word' id='word_1_319' title='bbox 1463 5176 1797 5276; x_wconf 77' lang='lat' dir='ltr'><strong>MDCCLXXII·</strong></span> <span class='ocrx_word' id='word_1_320' title='bbox 1964 5319 1970 5330; x_wconf 16' lang='grc' dir='ltr'><em>θ</em></span> <span class='ocrx_word' id='word_1_321' title='bbox 2116 5231 2120 5238; x_wconf 90' lang='grc'><em>·</em></span> 
     </span>
    </p>
   </div>
   <div class='ocr_carea' id='block_1_13' title="bbox 0 0 2745 6225">
    <p class='ocr_par' dir='ltr' id='par_1_16' title="bbox 0 0 2745 6225">
     <span class='ocr_line' id='line_1_37' title="bbox 0 0 2745 6225; baseline 0 0"><span class='ocrx_word' id='word_1_322' title='bbox 0 0 2745 6225; x_wconf 95' lang='lat' dir='ltr'> </span> 
     </span>
    </p>
   </div>
  </div>
 </body>
</html>
