<?xml version="1.0" encoding="UTF-8"?>
<!DOCTYPE html PUBLIC "-//W3C//DTD XHTML 1.0 Transitional//EN"
    "http://www.w3.org/TR/xhtml1/DTD/xhtml1-transitional.dtd">
<html xmlns="http://www.w3.org/1999/xhtml" xml:lang="en" lang="en">
 <head>
  <title>
</title>
<meta http-equiv="Content-Type" content="text/html;charset=utf-8" />
  <meta name='ocr-system' content='tesseract 3.04.00' />
  <meta name='ocr-capabilities' content='ocr_page ocr_carea ocr_par ocr_line ocrx_word'/>
</head>
<body>
  <div class='ocr_page' id='page_1' title='image "./locitheologicic03cottgoog/locitheologicic03cottgoog_0510.png"; bbox 0 0 5442 6225; ppageno 0'>
   <div class='ocr_carea' id='block_1_1' title="bbox 483 510 2148 673">
    <p class='ocr_par' dir='ltr' id='par_1_1' title="bbox 483 510 2148 673">
     <span class='ocr_line' id='line_1_1' title="bbox 483 510 2148 673; baseline 0.008 -35"><span class='ocrx_word' id='word_1_1' title='bbox 483 652 491 665; x_wconf 50' lang='grc'><em>,</em></span> <span class='ocrx_word' id='word_1_2' title='bbox 541 562 699 641; x_wconf 77' lang='lat' dir='ltr'><em>sacr.</em></span> <span class='ocrx_word' id='word_1_3' title='bbox 720 563 793 643; x_wconf 86' lang='lat' dir='ltr'><em>xv.</em></span> <span class='ocrx_word' id='word_1_4' title='bbox 826 564 1137 645; x_wconf 75' lang='lat' dir='ltr'><em>eructarem</em></span> <span class='ocrx_word' id='word_1_5' title='bbox 1163 566 1231 641; x_wconf 82' lang='lat' dir='ltr'><em>nn</em></span> <span class='ocrx_word' id='word_1_6' title='bbox 1257 510 1608 644; x_wconf 77' lang='lat' dir='ltr'><em>rnrtcrraru</em></span> <span class='ocrx_word' id='word_1_7' title='bbox 1632 544 1974 650; x_wconf 71' lang='lat' dir='ltr'><em>nautarum.</em></span> <span class='ocrx_word' id='word_1_8' title='bbox 2077 580 2148 673; x_wconf 72' lang='lat'><em>1⁶3</em></span> 
     </span>
    </p>
   </div>
   <div class='ocr_carea' id='block_1_2' title="bbox 327 728 2245 2333">
    <p class='ocr_par' dir='ltr' id='par_1_2' title="bbox 327 728 2245 2333">
     <span class='ocr_line' id='line_1_2' title="bbox 372 728 2245 853; baseline 0.007 -38"><span class='ocrx_word' id='word_1_9' title='bbox 372 750 444 815; x_wconf 81' lang='lat' dir='ltr'><em>eam</em></span> <span class='ocrx_word' id='word_1_10' title='bbox 466 741 644 817; x_wconf 86' lang='lat' dir='ltr'><em>Nrehooae</em></span> <span class='ocrx_word' id='word_1_11' title='bbox 662 746 830 843; x_wconf 80' lang='lat' dir='ltr'><em>AEgpptio</em></span> <span class='ocrx_word' id='word_1_12' title='bbox 852 767 956 845; x_wconf 84' lang='lat' dir='ltr'><em>rege,</em></span> <span class='ocrx_word' id='word_1_13' title='bbox 986 750 1043 844; x_wconf 82' lang='lat' dir='ltr'><em>qui</em></span> <span class='ocrx_word' id='word_1_14' title='bbox 1059 772 1152 819; x_wconf 90' lang='lat' dir='ltr'><em>arma</em></span> <span class='ocrx_word' id='word_1_15' title='bbox 1174 770 1244 819; x_wconf 89' lang='lat' dir='ltr'><em>aare</em></span> <span class='ocrx_word' id='word_1_16' title='bbox 1282 748 1534 845; x_wconf 63' lang='lat' dir='ltr'><em>duplifaciant,</em></span> <span class='ocrx_word' id='word_1_17' title='bbox 1563 754 1710 824; x_wconf 71' lang='lat' dir='ltr'><em>Honoris·</em></span> <span class='ocrx_word' id='word_1_18' title='bbox 1724 804 1734 838; x_wconf 92' lang='lat'>‚</span> <span class='ocrx_word' id='word_1_19' title='bbox 1772 752 1946 849; x_wconf 69' lang='lat' dir='ltr'><em>&#39;l&#39;heoclofii</em></span> <span class='ocrx_word' id='word_1_20' title='bbox 1960 728 2143 853; x_wconf 78' lang='lat' dir='ltr'><em>junioris,</em></span> <span class='ocrx_word' id='word_1_21' title='bbox 2244 841 2245 845; x_wconf 7' lang='grc' dir='ltr'><strong>Ἴ</strong></span> 
     </span>
     <span class='ocr_line' id='line_1_3' title="bbox 373 840 2145 950; baseline 0.007 -35"><span class='ocrx_word' id='word_1_22' title='bbox 373 843 540 939; x_wconf 74' lang='lat' dir='ltr'><em>inferebat</em></span> <span class='ocrx_word' id='word_1_23' title='bbox 556 844 634 943; x_wconf 77' lang='lat' dir='ltr'><em>ipſs,</em></span> <span class='ocrx_word' id='word_1_24' title='bbox 649 844 717 940; x_wconf 81' lang='lat' dir='ltr'><em>sed</em></span> <span class='ocrx_word' id='word_1_25' title='bbox 737 840 885 942; x_wconf 68' lang='lat' dir='ltr'><em>Affprils.</em></span> <span class='ocrx_word' id='word_1_26' title='bbox 937 848 995 921; x_wconf 84' lang='lat' dir='ltr'><em>Ex</em></span> <span class='ocrx_word' id='word_1_27' title='bbox 1011 848 1133 944; x_wconf 81' lang='lat' dir='ltr'><em>nostris</em></span> <span class='ocrx_word' id='word_1_28' title='bbox 1152 850 1246 917; x_wconf 89' lang='lat' dir='ltr'><em>etiam</em></span> <span class='ocrx_word' id='word_1_29' title='bbox 1276 849 1625 950; x_wconf 73' lang='lat' dir='ltr'><em>Jullireianiseniorit‚</em></span> <span class='ocrx_word' id='word_1_30' title='bbox 1635 854 1790 931; x_wconf 79' lang='lat' dir='ltr'><em>Heraclii,</em></span> <span class='ocrx_word' id='word_1_31' title='bbox 1800 855 1989 950; x_wconf 81' lang='lat' dir='ltr'><em>Godofredi</em></span> <span class='ocrx_word' id='word_1_32' title='bbox 1998 852 2145 929; x_wconf 72' lang='lat' dir='ltr'><em>Bonisa-</em></span> 
     </span>
     <span class='ocr_line' id='line_1_4' title="bbox 327 945 2144 1049; baseline 0.008 -34"><span class='ocrx_word' id='word_1_33' title='bbox 327 1036 328 1041; x_wconf 5' lang='grc' dir='ltr'>ἵ</span> <span class='ocrx_word' id='word_1_34' title='bbox 361 945 570 1015; x_wconf 70' lang='lat' dir='ltr'><em>nutantem</em></span> <span class='ocrx_word' id='word_1_35' title='bbox 588 966 648 1012; x_wconf 85' lang='lat' dir='ltr'><em>ress</em></span> <span class='ocrx_word' id='word_1_36' title='bbox 660 997 670 1033; x_wconf 90' lang='lat'><em>,</em></span> <span class='ocrx_word' id='word_1_37' title='bbox 705 950 795 1042; x_wconf 77' lang='lat' dir='ltr'><em>eujus</em></span> <span class='ocrx_word' id='word_1_38' title='bbox 817 946 949 1041; x_wconf 81' lang='lat' dir='ltr'><em>egregia</em></span> <span class='ocrx_word' id='word_1_39' title='bbox 967 949 1075 1040; x_wconf 88' lang='lat' dir='ltr'><em>pietas</em></span> <span class='ocrx_word' id='word_1_40' title='bbox 1100 950 1242 1017; x_wconf 83' lang='lat' dir='ltr'><em>omniurn</em></span> <span class='ocrx_word' id='word_1_41' title='bbox 1278 952 1354 1021; x_wconf 85' lang='lat' dir='ltr'><em>teari</em></span> <span class='ocrx_word' id='word_1_42' title='bbox 1375 946 1450 1023; x_wconf 74' lang='lat' dir='ltr'><em>&amp;a</em></span> <span class='ocrx_word' id='word_1_43' title='bbox 1476 974 1516 1019; x_wconf 84' lang='lat' dir='ltr'><em>ex</em></span> <span class='ocrx_word' id='word_1_44' title='bbox 1537 951 1733 1049; x_wconf 74' lang='lat' dir='ltr'><em>eeclepaliica</em></span> <span class='ocrx_word' id='word_1_45' title='bbox 1755 952 1899 1047; x_wconf 79' lang='lat' dir='ltr'><em>Historia</em></span> <span class='ocrx_word' id='word_1_46' title='bbox 1915 975 1995 1025; x_wconf 83' lang='lat' dir='ltr'><em>mou.</em></span> <span class='ocrx_word' id='word_1_47' title='bbox 2020 951 2088 1048; x_wconf 72' lang='lat' dir='ltr'><em>leti.</em></span> <span class='ocrx_word' id='word_1_48' title='bbox 2104 959 2144 1029; x_wconf 77' lang='lat' dir='ltr'><em>dt</em></span> 
     </span>
     <span class='ocr_line' id='line_1_5' title="bbox 374 1043 2142 1147; baseline 0.006 -34"><span class='ocrx_word' id='word_1_49' title='bbox 374 1044 733 1135; x_wconf 74' lang='lat' dir='ltr'><em>uoeihus&#39;celehratur,</em></span> <span class='ocrx_word' id='word_1_50' title='bbox 757 1043 950 1134; x_wconf 76' lang='lat' dir='ltr'><em>christianae</em></span> <span class='ocrx_word' id='word_1_51' title='bbox 975 1047 1145 1142; x_wconf 76' lang='lat' dir='ltr'><em>religionis</em></span> <span class='ocrx_word' id='word_1_52' title='bbox 1158 1066 1239 1138; x_wconf 89' lang='lat' dir='ltr'><em>psa·</em></span> <span class='ocrx_word' id='word_1_53' title='bbox 1278 1046 1397 1136; x_wconf 91' lang='lat' dir='ltr'><em>addit,</em></span> <span class='ocrx_word' id='word_1_54' title='bbox 1436 1051 1649 1142; x_wconf 81' lang='lat' dir='ltr'><em>imperatorer</em></span> <span class='ocrx_word' id='word_1_55' title='bbox 1679 1054 1817 1123; x_wconf 81' lang='lat' dir='ltr'><em>orientis</em></span> <span class='ocrx_word' id='word_1_56' title='bbox 1839 1054 1881 1122; x_wconf 87' lang='lat' dir='ltr'><em>ah</em></span> <span class='ocrx_word' id='word_1_57' title='bbox 1907 1074 1943 1123; x_wconf 92' lang='lat' dir='ltr'><em>eo</em></span> <span class='ocrx_word' id='word_1_58' title='bbox 1970 1061 2142 1147; x_wconf 71' lang='lat' dir='ltr'><em>tempore⁶,</em></span> 
     </span>
     <span class='ocr_line' id='line_1_6' title="bbox 371 1139 2142 1250; baseline 0.007 -40"><span class='ocrx_word' id='word_1_59' title='bbox 371 1144 551 1239; x_wconf 77' lang='lat' dir='ltr'><em>pagoariae</em></span> <span class='ocrx_word' id='word_1_60' title='bbox 560 1139 667 1232; x_wconf 80' lang='lat' dir='ltr'><em>fladio</em></span> <span class='ocrx_word' id='word_1_61' title='bbox 699 1147 745 1223; x_wconf 84' lang='lat' dir='ltr'><em>lis</em></span> <span class='ocrx_word' id='word_1_62' title='bbox 765 1139 903 1235; x_wconf 83' lang='lat' dir='ltr'><em>aduersa</em></span> <span class='ocrx_word' id='word_1_63' title='bbox 922 1147 1069 1236; x_wconf 85' lang='lat' dir='ltr'><em>jortuna</em></span> <span class='ocrx_word' id='word_1_64' title='bbox 1090 1168 1159 1215; x_wconf 88' lang='lat' dir='ltr'><em>cum</em></span> <span class='ocrx_word' id='word_1_65' title='bbox 1178 1146 1242 1216; x_wconf 86' lang='lat' dir='ltr'><em>So·</em></span> <span class='ocrx_word' id='word_1_66' title='bbox 1279 1170 1344 1242; x_wconf 81' lang='lat' dir='ltr'><em>qao</em></span> <span class='ocrx_word' id='word_1_67' title='bbox 1364 1160 1503 1240; x_wconf 86' lang='lat' dir='ltr'><em>propter</em></span> <span class='ocrx_word' id='word_1_68' title='bbox 1517 1150 1674 1244; x_wconf 80' lang='lat' dir='ltr'><em>diffidium</em></span> <span class='ocrx_word' id='word_1_69' title='bbox 1695 1152 1782 1221; x_wconf 89' lang='lat' dir='ltr'><em>cirea</em></span> <span class='ocrx_word' id='word_1_70' title='bbox 1807 1151 1963 1250; x_wconf 84' lang='lat' dir='ltr'><em>imagines</em></span> <span class='ocrx_word' id='word_1_71' title='bbox 1967 1150 2011 1247; x_wconf 85' lang='lat' dir='ltr'><em>se</em></span> <span class='ocrx_word' id='word_1_72' title='bbox 2031 1154 2073 1224; x_wconf 87' lang='lat' dir='ltr'><em>ab</em></span> <span class='ocrx_word' id='word_1_73' title='bbox 2091 1173 2142 1223; x_wconf 83' lang='lat' dir='ltr'><em>ee·</em></span> 
     </span>
     <span class='ocr_line' id='line_1_7' title="bbox 375 1235 2142 1347; baseline 0.007 -38"><span class='ocrx_word' id='word_1_74' title='bbox 375 1242 505 1313; x_wconf 86' lang='lat' dir='ltr'><em>racenic</em></span> <span class='ocrx_word' id='word_1_75' title='bbox 527 1235 709 1339; x_wconf 70' lang='lat' dir='ltr'><em>congressus</em></span> <span class='ocrx_word' id='word_1_76' title='bbox 725 1241 812 1334; x_wconf 84' lang='lat' dir='ltr'><em>fuit.</em></span> <span class='ocrx_word' id='word_1_77' title='bbox 863 1243 954 1315; x_wconf 91' lang='lat' dir='ltr'><em>Nom</em></span> <span class='ocrx_word' id='word_1_78' title='bbox 977 1248 1087 1343; x_wconf 82' lang='lat' dir='ltr'><em>prima</em></span> <span class='ocrx_word' id='word_1_79' title='bbox 1108 1244 1240 1336; x_wconf 88' lang='lat' dir='ltr'><em>praelia</em></span> <span class='ocrx_word' id='word_1_80' title='bbox 1280 1247 1370 1346; x_wconf 79' lang='lat' dir='ltr'><em>elefia</em></span> <span class='ocrx_word' id='word_1_81' title='bbox 1401 1249 1551 1319; x_wconf 86' lang='lat' dir='ltr'><em>Romana</em></span> <span class='ocrx_word' id='word_1_82' title='bbox 1572 1248 1846 1342; x_wconf 85' lang='lat' dir='ltr'><em>separaverunt,</em></span> <span class='ocrx_word' id='word_1_83' title='bbox 1877 1249 2008 1347; x_wconf 77' lang='lat' dir='ltr'><em>semper</em></span> <span class='ocrx_word' id='word_1_84' title='bbox 2035 1252 2142 1323; x_wconf 80' lang='lat' dir='ltr'><em>iudice</em></span> 
     </span>
     <span class='ocr_line' id='line_1_8' title="bbox 366 1335 2140 1443; baseline 0.006 -35"><span class='ocrx_word' id='word_1_85' title='bbox 366 1338 475 1434; x_wconf 81' lang='lat' dir='ltr'><em>susas</em></span> <span class='ocrx_word' id='word_1_86' title='bbox 484 1338 694 1439; x_wconf 83' lang='lat' dir='ltr'><em>fugatusque</em></span> <span class='ocrx_word' id='word_1_87' title='bbox 710 1339 755 1433; x_wconf 71' lang='lat' dir='ltr'><em>epi</em></span> <span class='ocrx_word' id='word_1_88' title='bbox 785 1335 832 1413; x_wconf 63' lang='grc' dir='ltr'><em>θ’</em></span> <span class='ocrx_word' id='word_1_89' title='bbox 848 1340 984 1433; x_wconf 81' lang='lat' dir='ltr'><em>insuper</em></span> <span class='ocrx_word' id='word_1_90' title='bbox 1005 1352 1135 1436; x_wconf 85' lang='lat' dir='ltr'><em>captus:</em></span> <span class='ocrx_word' id='word_1_91' title='bbox 1162 1343 1243 1412; x_wconf 88' lang='lat' dir='ltr'><em>alte·</em></span> <span class='ocrx_word' id='word_1_92' title='bbox 1280 1347 1421 1416; x_wconf 86' lang='lat' dir='ltr'><em>deterius</em></span> <span class='ocrx_word' id='word_1_93' title='bbox 1437 1345 1480 1441; x_wconf 91' lang='lat' dir='ltr'><em>se</em></span> <span class='ocrx_word' id='word_1_94' title='bbox 1509 1343 1675 1443; x_wconf 59' lang='lat' dir='ltr'><em>habuisse,</em></span> <span class='ocrx_word' id='word_1_95' title='bbox 1701 1354 1799 1419; x_wconf 86' lang='lat' dir='ltr'><em>danes</em></span> <span class='ocrx_word' id='word_1_96' title='bbox 1821 1356 1947 1420; x_wconf 84' lang='lat' dir='ltr'><em>tandem</em></span> <span class='ocrx_word' id='word_1_97' title='bbox 1966 1351 2140 1441; x_wconf 84' lang='lat' dir='ltr'><em>imperium</em></span> 
     </span>
     <span class='ocr_line' id='line_1_9' title="bbox 373 1438 2140 1541; baseline 0.006 -33"><span class='ocrx_word' id='word_1_98' title='bbox 373 1462 416 1508; x_wconf 89' lang='lat' dir='ltr'><em>ro</em></span> <span class='ocrx_word' id='word_1_99' title='bbox 429 1441 631 1531; x_wconf 66' lang='lat' dir='ltr'><em>pestilentiae</em></span> <span class='ocrx_word' id='word_1_100' title='bbox 650 1441 684 1511; x_wconf 86' lang='lat' dir='ltr'><em>ui</em></span> <span class='ocrx_word' id='word_1_101' title='bbox 700 1463 849 1541; x_wconf 79' lang='lat' dir='ltr'><em>magnum</em></span> <span class='ocrx_word' id='word_1_102' title='bbox 867 1443 1026 1515; x_wconf 84' lang='lat' dir='ltr'><em>exercitos</em></span> <span class='ocrx_word' id='word_1_103' title='bbox 1045 1452 1172 1534; x_wconf 84' lang='lat' dir='ltr'><em>partem</em></span> <span class='ocrx_word' id='word_1_104' title='bbox 1194 1438 1242 1514; x_wconf 61' lang='grc' dir='ltr'><em>θ’</em></span> <span class='ocrx_word' id='word_1_105' title='bbox 1277 1446 1408 1537; x_wconf 88' lang='lat' dir='ltr'><em>penitus</em></span> <span class='ocrx_word' id='word_1_106' title='bbox 1426 1447 1617 1536; x_wconf 87' lang='lat' dir='ltr'><em>amiserunt.</em></span> <span class='ocrx_word' id='word_1_107' title='bbox 1665 1453 1703 1518; x_wconf 90' lang='lat' dir='ltr'><em>ln</em></span> <span class='ocrx_word' id='word_1_108' title='bbox 1718 1450 1878 1520; x_wconf 83' lang='lat' dir='ltr'><em>occidente</em></span> <span class='ocrx_word' id='word_1_109' title='bbox 1900 1473 1977 1520; x_wconf 89' lang='lat' dir='ltr'><em>uero</em></span> <span class='ocrx_word' id='word_1_110' title='bbox 1999 1454 2140 1541; x_wconf 84' lang='lat' dir='ltr'><em>impera·</em></span> 
     </span>
     <span class='ocr_line' id='line_1_10' title="bbox 375 1534 2142 1648; baseline 0.007 -40"><span class='ocrx_word' id='word_1_111' title='bbox 375 1534 479 1609; x_wconf 83' lang='lat' dir='ltr'><em>uitam</em></span> <span class='ocrx_word' id='word_1_112' title='bbox 494 1537 609 1634; x_wconf 75' lang='lat' dir='ltr'><em>amifit.</em></span> <span class='ocrx_word' id='word_1_113' title='bbox 660 1540 701 1607; x_wconf 89' lang='lat' dir='ltr'><em>Et</em></span> <span class='ocrx_word' id='word_1_114' title='bbox 717 1543 848 1633; x_wconf 82' lang='lat' dir='ltr'><em>postea:</em></span> <span class='ocrx_word' id='word_1_115' title='bbox 865 1540 1065 1637; x_wconf 75' lang='lat' dir='ltr'><em>Plerumque</em></span> <span class='ocrx_word' id='word_1_116' title='bbox 1077 1542 1134 1625; x_wconf 89' lang='lat' dir='ltr'><em>iis,</em></span> <span class='ocrx_word' id='word_1_117' title='bbox 1160 1564 1242 1639; x_wconf 86' lang='lat' dir='ltr'><em>quos</em></span> <span class='ocrx_word' id='word_1_118' title='bbox 1279 1554 1367 1616; x_wconf 85' lang='lat' dir='ltr'><em>tores</em></span> <span class='ocrx_word' id='word_1_119' title='bbox 1372 1542 1503 1641; x_wconf 88' lang='lat' dir='ltr'><em>semper</em></span> <span class='ocrx_word' id='word_1_120' title='bbox 1518 1548 1622 1643; x_wconf 86' lang='lat' dir='ltr'><em>magis</em></span> <span class='ocrx_word' id='word_1_121' title='bbox 1637 1548 1690 1617; x_wconf 88' lang='lat' dir='ltr'><em>uel</em></span> <span class='ocrx_word' id='word_1_122' title='bbox 1705 1543 1989 1648; x_wconf 78' lang='lat' dir='ltr'><em>tainusfloruiffe,</em></span> <span class='ocrx_word' id='word_1_123' title='bbox 2015 1560 2052 1618; x_wconf 87' lang='lat' dir='ltr'><em>ut</em></span> <span class='ocrx_word' id='word_1_124' title='bbox 2072 1574 2142 1621; x_wconf 89' lang='lat' dir='ltr'><em>ma·</em></span> 
     </span>
     <span class='ocr_line' id='line_1_11' title="bbox 375 1636 2137 1744; baseline 0.009 -37"><span class='ocrx_word' id='word_1_125' title='bbox 375 1638 472 1709; x_wconf 82' lang='lat' dir='ltr'><em>Dens</em></span> <span class='ocrx_word' id='word_1_126' title='bbox 501 1636 723 1731; x_wconf 83' lang='lat' dir='ltr'><em>occeptiffimos</em></span> <span class='ocrx_word' id='word_1_127' title='bbox 745 1637 863 1724; x_wconf 84' lang='lat' dir='ltr'><em>hahet,</em></span> <span class='ocrx_word' id='word_1_128' title='bbox 892 1636 939 1712; x_wconf 74' lang='lat'><em>&amp;</em></span> <span class='ocrx_word' id='word_1_129' title='bbox 956 1644 1135 1733; x_wconf 87' lang='lat' dir='ltr'><em>praecipua</em></span> <span class='ocrx_word' id='word_1_130' title='bbox 1161 1664 1241 1737; x_wconf 82' lang='lat' dir='ltr'><em>qua·</em></span> <span class='ocrx_word' id='word_1_131' title='bbox 1276 1645 1330 1739; x_wconf 85' lang='lat' dir='ltr'><em>gis</em></span> <span class='ocrx_word' id='word_1_132' title='bbox 1340 1648 1392 1714; x_wconf 90' lang='lat' dir='ltr'><em>uel</em></span> <span class='ocrx_word' id='word_1_133' title='bbox 1402 1649 1507 1715; x_wconf 87' lang='lat' dir='ltr'><em>minus</em></span> <span class='ocrx_word' id='word_1_134' title='bbox 1523 1656 1682 1719; x_wconf 82' lang='lat' dir='ltr'><em>Romanae</em></span> <span class='ocrx_word' id='word_1_135' title='bbox 1695 1644 1838 1744; x_wconf 64' lang='lat' dir='ltr'><em>eeclesiae</em></span> <span class='ocrx_word' id='word_1_136' title='bbox 1853 1647 1974 1719; x_wconf 73' lang='lat' dir='ltr'><em>attius</em></span> <span class='ocrx_word' id='word_1_137' title='bbox 1980 1649 2137 1742; x_wconf 86' lang='lat' dir='ltr'><em>fuerunt.</em></span> 
     </span>
     <span class='ocr_line' id='line_1_12' title="bbox 374 1735 2139 1842; baseline 0.008 -39"><span class='ocrx_word' id='word_1_138' title='bbox 374 1736 451 1837; x_wconf 74' lang='lat' dir='ltr'><em>deae</em></span> <span class='ocrx_word' id='word_1_139' title='bbox 481 1735 724 1809; x_wconf 77' lang='lat' dir='ltr'><em>beneuolentiae</em></span> <span class='ocrx_word' id='word_1_140' title='bbox 757 1760 880 1833; x_wconf 87' lang='lat' dir='ltr'><em>genere</em></span> <span class='ocrx_word' id='word_1_141' title='bbox 906 1739 1144 1833; x_wconf 80' lang='lat' dir='ltr'><em>eompleilitne,</em></span> <span class='ocrx_word' id='word_1_142' title='bbox 1189 1760 1243 1810; x_wconf 86' lang='lat' dir='ltr'><em>ret</em></span> <span class='ocrx_word' id='word_1_143' title='bbox 1281 1735 1377 1837; x_wconf 75' lang='lat' dir='ltr'><em>llesp.</em></span> <span class='ocrx_word' id='word_1_144' title='bbox 1417 1743 1466 1834; x_wconf 86' lang='lat' dir='ltr'><em>t.)</em></span> <span class='ocrx_word' id='word_1_145' title='bbox 1488 1742 1601 1814; x_wconf 88' lang='lat' dir='ltr'><em>Nemo</em></span> <span class='ocrx_word' id='word_1_146' title='bbox 1624 1742 1772 1815; x_wconf 81' lang='lat' dir='ltr'><em>nostrum</em></span> <span class='ocrx_word' id='word_1_147' title='bbox 1797 1766 1914 1841; x_wconf 76' lang='lat' dir='ltr'><em>negat,</em></span> <span class='ocrx_word' id='word_1_148' title='bbox 1943 1747 2053 1817; x_wconf 86' lang='lat' dir='ltr'><em>Deum</em></span> <span class='ocrx_word' id='word_1_149' title='bbox 2075 1751 2139 1842; x_wconf 85' lang='lat' dir='ltr'><em>piia</em></span> 
     </span>
     <span class='ocr_line' id='line_1_13' title="bbox 374 1833 2139 1939; baseline 0.007 -36"><span class='ocrx_word' id='word_1_150' title='bbox 374 1855 419 1904; x_wconf 81' lang='lat' dir='ltr'><em>ees</em></span> <span class='ocrx_word' id='word_1_151' title='bbox 435 1844 512 1906; x_wconf 88' lang='lat' dir='ltr'><em>oola</em></span> <span class='ocrx_word' id='word_1_152' title='bbox 527 1840 654 1907; x_wconf 84' lang='lat' dir='ltr'><em>minime</em></span> <span class='ocrx_word' id='word_1_153' title='bbox 667 1833 869 1930; x_wconf 83' lang='lat' dir='ltr'><em>succedunt,</em></span> <span class='ocrx_word' id='word_1_154' title='bbox 895 1840 958 1910; x_wconf 90' lang='lat' dir='ltr'><em>ima</em></span> <span class='ocrx_word' id='word_1_155' title='bbox 983 1834 1125 1930; x_wconf 87' lang='lat' dir='ltr'><em>aduersa</em></span> <span class='ocrx_word' id='word_1_156' title='bbox 1154 1838 1240 1933; x_wconf 82' lang='lat' dir='ltr'><em>infe·</em></span> <span class='ocrx_word' id='word_1_157' title='bbox 1278 1844 1313 1913; x_wconf 77' lang='lat' dir='ltr'><em>dc</em></span> <span class='ocrx_word' id='word_1_158' title='bbox 1334 1838 1508 1910; x_wconf 82' lang='lat' dir='ltr'><em>catholicin</em></span> <span class='ocrx_word' id='word_1_159' title='bbox 1523 1840 1656 1933; x_wconf 75' lang='lat' dir='ltr'><em>regibus</em></span> <span class='ocrx_word' id='word_1_160' title='bbox 1672 1840 1784 1938; x_wconf 82' lang='lat' dir='ltr'><em>saepius</em></span> <span class='ocrx_word' id='word_1_161' title='bbox 1802 1845 1972 1939; x_wconf 72' lang='lat' dir='ltr'><em>preclaras</em></span> <span class='ocrx_word' id='word_1_162' title='bbox 1985 1846 2139 1916; x_wconf 70' lang='lat' dir='ltr'><em>villosior</em></span> 
     </span>
     <span class='ocr_line' id='line_1_14' title="bbox 366 1928 2139 2036; baseline 0.004 -30"><span class='ocrx_word' id='word_1_163' title='bbox 366 1928 493 2029; x_wconf 70' lang='lat' dir='ltr'><em>fletque</em></span> <span class='ocrx_word' id='word_1_164' title='bbox 516 1937 673 2008; x_wconf 81' lang='lat' dir='ltr'><em>uidentur</em></span> <span class='ocrx_word' id='word_1_165' title='bbox 703 1939 837 2019; x_wconf 89' lang='lat' dir='ltr'><em>omnio,</em></span> <span class='ocrx_word' id='word_1_166' title='bbox 861 1949 900 2007; x_wconf 84' lang='lat' dir='ltr'><em>ut</em></span> <span class='ocrx_word' id='word_1_167' title='bbox 928 1961 968 2008; x_wconf 82' lang='lat' dir='ltr'><em>etc</em></span> <span class='ocrx_word' id='word_1_168' title='bbox 993 1941 1053 2022; x_wconf 87' lang='lat' dir='ltr'><em>iis,</em></span> <span class='ocrx_word' id='word_1_169' title='bbox 1079 1961 1162 2033; x_wconf 86' lang='lat' dir='ltr'><em>quae</em></span> <span class='ocrx_word' id='word_1_170' title='bbox 1186 1940 1242 2008; x_wconf 90' lang='lat' dir='ltr'><em>ho·</em></span> <span class='ocrx_word' id='word_1_171' title='bbox 1277 1942 1313 2010; x_wconf 77' lang='lat' dir='ltr'><em>dc</em></span> <span class='ocrx_word' id='word_1_172' title='bbox 1350 1961 1506 2036; x_wconf 83' lang='lat' dir='ltr'><em>magnam</em></span> <span class='ocrx_word' id='word_1_173' title='bbox 1542 1933 1792 2036; x_wconf 76' lang='lat' dir='ltr'><em>prosperitatem</em></span> <span class='ocrx_word' id='word_1_174' title='bbox 1825 1936 2014 2013; x_wconf 83' lang='lat' dir='ltr'><em>concelltsse</em></span> <span class='ocrx_word' id='word_1_175' title='bbox 2031 1986 2043 2020; x_wconf 82' lang='grc'><em>,</em></span> <span class='ocrx_word' id='word_1_176' title='bbox 2082 1939 2139 2013; x_wconf 88' lang='lat' dir='ltr'><em>sed</em></span> 
     </span>
     <span class='ocr_line' id='line_1_15' title="bbox 374 2032 2139 2135; baseline 0.005 -32"><span class='ocrx_word' id='word_1_177' title='bbox 374 2032 517 2115; x_wconf 63' lang='lat' dir='ltr'><em>minibus</em></span> <span class='ocrx_word' id='word_1_178' title='bbox 536 2037 570 2107; x_wconf 89' lang='lat' dir='ltr'><em>in</em></span> <span class='ocrx_word' id='word_1_179' title='bbox 592 2034 650 2105; x_wconf 89' lang='lat' dir='ltr'><em>hac</em></span> <span class='ocrx_word' id='word_1_180' title='bbox 666 2037 734 2105; x_wconf 89' lang='lat' dir='ltr'><em>uita</em></span> <span class='ocrx_word' id='word_1_181' title='bbox 755 2034 1023 2128; x_wconf 84' lang='lat' dir='ltr'><em>euenirefolent,</em></span> <span class='ocrx_word' id='word_1_182' title='bbox 1048 2037 1240 2134; x_wconf 80' lang='lat' dir='ltr'><em>qualiacun-</em></span> <span class='ocrx_word' id='word_1_183' title='bbox 1279 2058 1319 2105; x_wconf 85' lang='lat' dir='ltr'><em>cx</em></span> <span class='ocrx_word' id='word_1_184' title='bbox 1335 2057 1378 2104; x_wconf 86' lang='lat' dir='ltr'><em>co</em></span> <span class='ocrx_word' id='word_1_185' title='bbox 1401 2061 1471 2106; x_wconf 89' lang='lat' dir='ltr'><em>uon</em></span> <span class='ocrx_word' id='word_1_186' title='bbox 1488 2036 1594 2132; x_wconf 87' lang='lat' dir='ltr'><em>potell</em></span> <span class='ocrx_word' id='word_1_187' title='bbox 1615 2034 1760 2122; x_wconf 87' lang='lat' dir='ltr'><em>inferri,</em></span> <span class='ocrx_word' id='word_1_188' title='bbox 1787 2039 1879 2135; x_wconf 87' lang='lat' dir='ltr'><em>qnod</em></span> <span class='ocrx_word' id='word_1_189' title='bbox 1899 2038 2039 2112; x_wconf 79' lang='lat' dir='ltr'><em>felicitas</em></span> <span class='ocrx_word' id='word_1_190' title='bbox 2055 2061 2139 2111; x_wconf 87' lang='lat' dir='ltr'><em>tem·</em></span> 
     </span>
     <span class='ocr_line' id='line_1_16' title="bbox 373 2128 2137 2300; baseline 0.004 -100"><span class='ocrx_word' id='word_1_191' title='bbox 373 2155 439 2227; x_wconf 74' lang='lat' dir='ltr'><em>que</em></span> <span class='ocrx_word' id='word_1_192' title='bbox 450 2133 538 2233; x_wconf 76' lang='lat' dir='ltr'><em>fiat,</em></span> <span class='ocrx_word' id='word_1_193' title='bbox 563 2130 706 2225; x_wconf 75' lang='lat' dir='ltr'><em>constare</em></span> <span class='ocrx_word' id='word_1_194' title='bbox 735 2128 824 2202; x_wconf 87' lang='lat' dir='ltr'><em>nulla</em></span> <span class='ocrx_word' id='word_1_195' title='bbox 851 2141 943 2204; x_wconf 89' lang='lat' dir='ltr'><em>mado</em></span> <span class='ocrx_word' id='word_1_196' title='bbox 965 2137 1075 2229; x_wconf 81' lang='lat' dir='ltr'><em>paffit,</em></span> <span class='ocrx_word' id='word_1_197' title='bbox 1104 2134 1243 2208; x_wconf 72' lang='lat' dir='ltr'><em>aldiones</em></span> <span class='ocrx_word' id='word_1_198' title='bbox 1279 2132 1404 2300; x_wconf 81' lang='lat' dir='ltr'><em>parulis</em></span> <span class='ocrx_word' id='word_1_199' title='bbox 1428 2132 1464 2205; x_wconf 83' lang='lat' dir='ltr'><em>ht</em></span> <span class='ocrx_word' id='word_1_200' title='bbox 1486 2139 1629 2231; x_wconf 79' lang='lat' dir='ltr'><em>genuina</em></span> <span class='ocrx_word' id='word_1_201' title='bbox 1656 2143 1689 2208; x_wconf 82' lang='lat' dir='ltr'><em>dt</em></span> <span class='ocrx_word' id='word_1_202' title='bbox 1710 2141 1847 2231; x_wconf 86' lang='lat' dir='ltr'><em>propria</em></span> <span class='ocrx_word' id='word_1_203' title='bbox 1871 2136 2014 2209; x_wconf 74' lang='lat' dir='ltr'><em>ecclesia</em></span> <span class='ocrx_word' id='word_1_204' title='bbox 2038 2160 2137 2221; x_wconf 87' lang='lat' dir='ltr'><em>nota,</em></span> 
     </span>
     <span class='ocr_line' id='line_1_17' title="bbox 363 2226 2139 2333; baseline 0.003 -32"><span class='ocrx_word' id='word_1_205' title='bbox 363 2226 544 2325; x_wconf 75' lang='lat' dir='ltr'><em>snfieptar</em></span> <span class='ocrx_word' id='word_1_206' title='bbox 563 2235 603 2303; x_wconf 88' lang='lat' dir='ltr'><em>ah</em></span> <span class='ocrx_word' id='word_1_207' title='bbox 619 2235 678 2313; x_wconf 84' lang='lat' dir='ltr'><em>iis,</em></span> <span class='ocrx_word' id='word_1_208' title='bbox 697 2228 844 2327; x_wconf 69' lang='lat' dir='ltr'><em>jussoene</em></span> <span class='ocrx_word' id='word_1_209' title='bbox 865 2258 909 2303; x_wconf 90' lang='lat' dir='ltr'><em>aa</em></span> <span class='ocrx_word' id='word_1_210' title='bbox 934 2239 1069 2332; x_wconf 85' lang='lat' dir='ltr'><em>iniquae</em></span> <span class='ocrx_word' id='word_1_211' title='bbox 1075 2233 1146 2329; x_wconf 78' lang='lat' dir='ltr'><em>stat</em></span> <span class='ocrx_word' id='word_1_212' title='bbox 1169 2232 1241 2307; x_wconf 73' lang='lat' dir='ltr'><em>&amp;a</em></span> <span class='ocrx_word' id='word_1_213' title='bbox 1290 2234 1439 2328; x_wconf 83' lang='lat' dir='ltr'><em>squidem</em></span> <span class='ocrx_word' id='word_1_214' title='bbox 1464 2232 1615 2304; x_wconf 73' lang='lat' dir='ltr'><em>villaria</em></span> <span class='ocrx_word' id='word_1_215' title='bbox 1645 2231 1684 2308; x_wconf 84' lang='lat' dir='ltr'><em>dt</em></span> <span class='ocrx_word' id='word_1_216' title='bbox 1711 2229 1943 2333; x_wconf 77' lang='lat' dir='ltr'><em>prosperitates</em></span> <span class='ocrx_word' id='word_1_217' title='bbox 1974 2233 2040 2306; x_wconf 72' lang='lat' dir='ltr'><em>itta</em></span> <span class='ocrx_word' id='word_1_218' title='bbox 2069 2262 2139 2321; x_wconf 78' lang='lat' dir='ltr'><em>nnn</em></span> 
     </span>
    </p>
   </div>
   <div class='ocr_carea' id='block_1_3' title="bbox 375 2326 2282 2427">
    <p class='ocr_par' dir='ltr' id='par_1_3' title="bbox 375 2326 2282 2427">
     <span class='ocr_line' id='line_1_18' title="bbox 375 2326 2282 2427; baseline 0.002 -29"><span class='ocrx_word' id='word_1_219' title='bbox 375 2330 544 2427; x_wconf 79' lang='lat' dir='ltr'><em>Qinimn</em></span> <span class='ocrx_word' id='word_1_220' title='bbox 573 2330 789 2402; x_wconf 83' lang='lat' dir='ltr'><em>Bellarminua</em></span> <span class='ocrx_word' id='word_1_221' title='bbox 826 2326 859 2401; x_wconf 85' lang='lat' dir='ltr'><em>sc</em></span> <span class='ocrx_word' id='word_1_222' title='bbox 889 2326 994 2426; x_wconf 91' lang='lat' dir='ltr'><em>ipsmn</em></span> <span class='ocrx_word' id='word_1_223' title='bbox 1024 2332 1167 2408; x_wconf 68' lang='lat' dir='ltr'><em>aaudiat,</em></span> <span class='ocrx_word' id='word_1_224' title='bbox 1200 2332 1243 2404; x_wconf 90' lang='lat' dir='ltr'><em>hc</em></span> <span class='ocrx_word' id='word_1_225' title='bbox 1277 2326 1350 2400; x_wconf 89' lang='lat' dir='ltr'><em>suut</em></span> <span class='ocrx_word' id='word_1_226' title='bbox 1370 2329 1424 2401; x_wconf 88' lang='lat' dir='ltr'><em>vel</em></span> <span class='ocrx_word' id='word_1_227' title='bbox 1439 2329 1612 2402; x_wconf 83' lang='lat' dir='ltr'><em>catholicae</em></span> <span class='ocrx_word' id='word_1_228' title='bbox 1637 2330 1781 2403; x_wconf 75' lang='lat' dir='ltr'><em>ecclelia</em></span> <span class='ocrx_word' id='word_1_229' title='bbox 1806 2331 1857 2404; x_wconf 86' lang='lat' dir='ltr'><em>ael</em></span> <span class='ocrx_word' id='word_1_230' title='bbox 1885 2331 2058 2406; x_wconf 83' lang='lat' dir='ltr'><em>catholicis</em></span> <span class='ocrx_word' id='word_1_231' title='bbox 2086 2358 2139 2404; x_wconf 89' lang='lat' dir='ltr'><em>re·</em></span> <span class='ocrx_word' id='word_1_232' title='bbox 2278 2354 2282 2375; x_wconf 67' lang='lat'><em>³</em></span> 
     </span>
    </p>
   </div>
   <div class='ocr_carea' id='block_1_4' title="bbox 327 2422 2141 3612">
    <p class='ocr_par' dir='ltr' id='par_1_4' title="bbox 327 2422 2141 3612">
     <span class='ocr_line' id='line_1_19' title="bbox 374 2422 2140 2528; baseline 0 -29"><span class='ocrx_word' id='word_1_233' title='bbox 374 2432 470 2499; x_wconf 85' lang='lat' dir='ltr'><em>enim</em></span> <span class='ocrx_word' id='word_1_234' title='bbox 487 2422 599 2499; x_wconf 86' lang='lat' dir='ltr'><em>scribit</em></span> <span class='ocrx_word' id='word_1_235' title='bbox 616 2425 673 2499; x_wconf 81' lang='lat' dir='ltr'><em>lib.</em></span> <span class='ocrx_word' id='word_1_236' title='bbox 698 2429 755 2501; x_wconf 91' lang='lat' dir='ltr'><em>lV.</em></span> <span class='ocrx_word' id='word_1_237' title='bbox 781 2427 823 2497; x_wconf 91' lang='lat' dir='ltr'><em>de</em></span> <span class='ocrx_word' id='word_1_238' title='bbox 841 2423 955 2505; x_wconf 82' lang='lat' dir='ltr'><em>eccles.</em></span> <span class='ocrx_word' id='word_1_239' title='bbox 971 2455 1042 2528; x_wconf 86' lang='lat' dir='ltr'><em>cap.</em></span> <span class='ocrx_word' id='word_1_240' title='bbox 1060 2443 1093 2503; x_wconf 85' lang='lat'><em>6.</em></span> <span class='ocrx_word' id='word_1_241' title='bbox 1117 2433 1149 2525; x_wconf 84' lang='lat' dir='ltr'>Q.</span> <span class='ocrx_word' id='word_1_242' title='bbox 1169 2430 1242 2515; x_wconf 89' lang='lat' dir='ltr'><em>Jatn</em></span> <span class='ocrx_word' id='word_1_243' title='bbox 1277 2427 1374 2526; x_wconf 82' lang='lat' dir='ltr'><em>gibus</em></span> <span class='ocrx_word' id='word_1_244' title='bbox 1400 2446 1576 2525; x_wconf 78' lang='lat' dir='ltr'><em>perpetua.</em></span> <span class='ocrx_word' id='word_1_245' title='bbox 1630 2436 1681 2516; x_wconf 87' lang='lat' dir='ltr'><em>a.)</em></span> <span class='ocrx_word' id='word_1_246' title='bbox 1706 2429 1848 2502; x_wconf 79' lang='lat' dir='ltr'><em>hdducit</em></span> <span class='ocrx_word' id='word_1_247' title='bbox 1864 2433 2001 2527; x_wconf 89' lang='lat' dir='ltr'><em>quidem</em></span> <span class='ocrx_word' id='word_1_248' title='bbox 2017 2431 2140 2504; x_wconf 74' lang='lat' dir='ltr'><em>ileliae.</em></span> 
     </span>
     <span class='ocr_line' id='line_1_20' title="bbox 372 2526 2140 2624; baseline 0.003 -27"><span class='ocrx_word' id='word_1_249' title='bbox 372 2546 481 2597; x_wconf 73' lang='lat' dir='ltr'><em>vern:</em></span> <span class='ocrx_word' id='word_1_250' title='bbox 510 2526 560 2601; x_wconf 85' lang='lat' dir='ltr'><em>Ut</em></span> <span class='ocrx_word' id='word_1_251' title='bbox 584 2550 691 2624; x_wconf 80' lang='lat' dir='ltr'><em>aquae</em></span> <span class='ocrx_word' id='word_1_252' title='bbox 717 2529 836 2597; x_wconf 86' lang='lat' dir='ltr'><em>diluuii</em></span> <span class='ocrx_word' id='word_1_253' title='bbox 857 2552 966 2600; x_wconf 89' lang='lat' dir='ltr'><em>orcam</em></span> <span class='ocrx_word' id='word_1_254' title='bbox 995 2526 1243 2603; x_wconf 87' lang='lat' dir='ltr'><em>Nooeadtasse·</em></span> <span class='ocrx_word' id='word_1_255' title='bbox 1278 2531 1387 2597; x_wconf 84' lang='lat' dir='ltr'><em>minua</em></span> <span class='ocrx_word' id='word_1_256' title='bbox 1410 2526 1539 2624; x_wconf 75' lang='lat' dir='ltr'><em>aliquot</em></span> <span class='ocrx_word' id='word_1_257' title='bbox 1562 2526 1713 2622; x_wconf 85' lang='lat' dir='ltr'><em>exempla</em></span> <span class='ocrx_word' id='word_1_258' title='bbox 1740 2532 1876 2623; x_wconf 88' lang='lat' dir='ltr'><em>piorum</em></span> <span class='ocrx_word' id='word_1_259' title='bbox 1904 2554 2047 2623; x_wconf 69' lang='lat' dir='ltr'><em>regrum,</em></span> <span class='ocrx_word' id='word_1_260' title='bbox 2102 2535 2140 2603; x_wconf 86' lang='lat' dir='ltr'><em>ui</em></span> 
     </span>
     <span class='ocr_line' id='line_1_21' title="bbox 372 2555 2141 2725; baseline 0.001 -26"><span class='ocrx_word' id='word_1_261' title='bbox 372 2618 477 2710; x_wconf 78' lang='lat' dir='ltr'><em>bant,</em></span> <span class='ocrx_word' id='word_1_262' title='bbox 499 2628 546 2695; x_wconf 90' lang='lat' dir='ltr'><em>ita</em></span> <span class='ocrx_word' id='word_1_263' title='bbox 559 2627 800 2722; x_wconf 70' lang='lat' dir='ltr'><em>persecutiones</em></span> <span class='ocrx_word' id='word_1_264' title='bbox 814 2630 963 2725; x_wconf 68' lang='lat' dir='ltr'><em>ecclesiam</em></span> <span class='ocrx_word' id='word_1_265' title='bbox 980 2655 1046 2701; x_wconf 85' lang='lat' dir='ltr'><em>nan</em></span> <span class='ocrx_word' id='word_1_266' title='bbox 1061 2633 1154 2700; x_wconf 84' lang='lat' dir='ltr'><em>moda</em></span> <span class='ocrx_word' id='word_1_267' title='bbox 1175 2653 1242 2699; x_wconf 90' lang='lat' dir='ltr'><em>naa</em></span> <span class='ocrx_word' id='word_1_268' title='bbox 1277 2620 1444 2722; x_wconf 79' lang='lat' dir='ltr'><em>gloriosos</em></span> <span class='ocrx_word' id='word_1_269' title='bbox 1471 2626 1511 2697; x_wconf 90' lang='lat' dir='ltr'><em>ab</em></span> <span class='ocrx_word' id='word_1_270' title='bbox 1541 2623 1687 2697; x_wconf 87' lang='lat' dir='ltr'><em>hollihus</em></span> <span class='ocrx_word' id='word_1_271' title='bbox 1709 2622 1772 2698; x_wconf 82' lang='lat' dir='ltr'><em>suis</em></span> <span class='ocrx_word' id='word_1_272' title='bbox 1802 2630 1991 2725; x_wconf 73' lang='lat' dir='ltr'><em>triumphos</em></span> <span class='ocrx_word' id='word_1_273' title='bbox 2017 2555 2141 2701; x_wconf 59' lang='lat' dir='ltr'><em>retude-</em></span> 
     </span>
     <span class='ocr_line' id='line_1_22' title="bbox 375 2720 2141 2826; baseline 0.003 -33"><span class='ocrx_word' id='word_1_274' title='bbox 375 2722 570 2813; x_wconf 71' lang='lat' dir='ltr'><em>destruam,</em></span> <span class='ocrx_word' id='word_1_275' title='bbox 582 2731 647 2816; x_wconf 84' lang='lat' dir='ltr'><em>secl</em></span> <span class='ocrx_word' id='word_1_276' title='bbox 667 2720 945 2815; x_wconf 75' lang='lat' dir='ltr'><em>etiamilluflrant.</em></span> <span class='ocrx_word' id='word_1_277' title='bbox 994 2726 1242 2826; x_wconf 79' lang='lat' dir='ltr'><em>(Atquiliper-</em></span> <span class='ocrx_word' id='word_1_278' title='bbox 1279 2741 1382 2802; x_wconf 82' lang='lat' dir='ltr'><em>runt,</em></span> <span class='ocrx_word' id='word_1_279' title='bbox 1414 2720 1469 2795; x_wconf 87' lang='lat' dir='ltr'><em>sed</em></span> <span class='ocrx_word' id='word_1_280' title='bbox 1499 2723 1577 2795; x_wconf 86' lang='lat' dir='ltr'><em>inde</em></span> <span class='ocrx_word' id='word_1_281' title='bbox 1606 2747 1676 2795; x_wconf 89' lang='lat' dir='ltr'><em>non</em></span> <span class='ocrx_word' id='word_1_282' title='bbox 1704 2724 1809 2822; x_wconf 86' lang='lat' dir='ltr'><em>poteil</em></span> <span class='ocrx_word' id='word_1_283' title='bbox 1834 2725 1952 2798; x_wconf 85' lang='lat' dir='ltr'><em>inferri</em></span> <span class='ocrx_word' id='word_1_284' title='bbox 1975 2729 2141 2824; x_wconf 79' lang='lat' dir='ltr'><em>generalla</em></span> 
     </span>
     <span class='ocr_line' id='line_1_23' title="bbox 374 2814 2139 2925; baseline 0.003 -34"><span class='ocrx_word' id='word_1_285' title='bbox 374 2814 735 2895; x_wconf 80' lang='lat' dir='ltr'><em>secutionecillullrant</em></span> <span class='ocrx_word' id='word_1_286' title='bbox 752 2823 941 2912; x_wconf 86' lang='lat' dir='ltr'><em>eccleliom,</em></span> <span class='ocrx_word' id='word_1_287' title='bbox 967 2824 1241 2925; x_wconf 87' lang='lat' dir='ltr'><em>quomodotcm·</em></span> <span class='ocrx_word' id='word_1_288' title='bbox 1277 2822 1477 2900; x_wconf 77' lang='lat' dir='ltr'><em>conclnlio,</em></span> <span class='ocrx_word' id='word_1_289' title='bbox 1514 2821 1606 2919; x_wconf 90' lang='lat' dir='ltr'><em>quod</em></span> <span class='ocrx_word' id='word_1_290' title='bbox 1630 2847 1748 2896; x_wconf 77' lang='lat' dir='ltr'><em>omnen</em></span> <span class='ocrx_word' id='word_1_291' title='bbox 1776 2826 1823 2922; x_wconf 89' lang='lat' dir='ltr'><em>pii</em></span> <span class='ocrx_word' id='word_1_292' title='bbox 1847 2831 1881 2899; x_wconf 81' lang='lat' dir='ltr'><em>dt</em></span> <span class='ocrx_word' id='word_1_293' title='bbox 1902 2822 2061 2897; x_wconf 77' lang='lat' dir='ltr'><em>catholici</em></span> <span class='ocrx_word' id='word_1_294' title='bbox 2084 2850 2139 2899; x_wconf 88' lang='lat' dir='ltr'><em>re·</em></span> 
     </span>
     <span class='ocr_line' id='line_1_24' title="bbox 373 2916 2140 3019; baseline 0.001 -26"><span class='ocrx_word' id='word_1_295' title='bbox 373 2918 504 3017; x_wconf 84' lang='lat' dir='ltr'><em>poralia</em></span> <span class='ocrx_word' id='word_1_296' title='bbox 536 2916 678 2994; x_wconf 81' lang='lat' dir='ltr'><em>felicitas</em></span> <span class='ocrx_word' id='word_1_297' title='bbox 706 2926 829 3015; x_wconf 87' lang='lat' dir='ltr'><em>poterit</em></span> <span class='ocrx_word' id='word_1_298' title='bbox 857 2922 921 2994; x_wconf 84' lang='lat' dir='ltr'><em>else</em></span> <span class='ocrx_word' id='word_1_299' title='bbox 949 2923 1099 2996; x_wconf 73' lang='lat' dir='ltr'><em>ecclelia</em></span> <span class='ocrx_word' id='word_1_300' title='bbox 1128 2925 1241 3005; x_wconf 83' lang='lat' dir='ltr'><em>nota?</em></span> <span class='ocrx_word' id='word_1_301' title='bbox 1273 2950 1276 2955; x_wconf 93' lang='lat'>·</span> <span class='ocrx_word' id='word_1_302' title='bbox 1301 2946 1334 2992; x_wconf 83' lang='lat' dir='ltr'><em>et</em></span> <span class='ocrx_word' id='word_1_303' title='bbox 1355 2917 1486 3019; x_wconf 86' lang='lat' dir='ltr'><em>semper</em></span> <span class='ocrx_word' id='word_1_304' title='bbox 1509 2923 1811 3018; x_wconf 82' lang='lat' dir='ltr'><em>triumphaverint,</em></span> <span class='ocrx_word' id='word_1_305' title='bbox 1835 2923 1943 2996; x_wconf 75' lang='lat' dir='ltr'><em>tunultu</em></span> <span class='ocrx_word' id='word_1_306' title='bbox 1962 2928 2071 2995; x_wconf 84' lang='lat' dir='ltr'><em>mium</em></span> <span class='ocrx_word' id='word_1_307' title='bbox 2088 2933 2140 2996; x_wconf 86' lang='lat' dir='ltr'><em>in·</em></span> 
     </span>
     <span class='ocr_line' id='line_1_25' title="bbox 374 2945 2140 3119; baseline 0.003 -30"><span class='ocrx_word' id='word_1_308' title='bbox 374 3014 513 3097; x_wconf 83' lang='lat' dir='ltr'><em>Confer</em></span> <span class='ocrx_word' id='word_1_309' title='bbox 527 3021 685 3093; x_wconf 88' lang='lat' dir='ltr'><em>eumdem</em></span> <span class='ocrx_word' id='word_1_310' title='bbox 703 3018 942 3092; x_wconf 85' lang='lat' dir='ltr'><em>Bellarminutn</em></span> <span class='ocrx_word' id='word_1_311' title='bbox 965 3021 1023 3094; x_wconf 88' lang='lat' dir='ltr'><em>lib.</em></span> <span class='ocrx_word' id='word_1_312' title='bbox 1040 3025 1099 3095; x_wconf 81' lang='grc' dir='ltr'><em>Ν.</em></span> <span class='ocrx_word' id='word_1_313' title='bbox 1126 3023 1167 3093; x_wconf 88' lang='lat' dir='ltr'><em>de</em></span> <span class='ocrx_word' id='word_1_314' title='bbox 1188 3047 1241 3093; x_wconf 85' lang='lat' dir='ltr'><em>ec·</em></span> <span class='ocrx_word' id='word_1_315' title='bbox 1277 2945 1320 3090; x_wconf 70' lang='lat' dir='ltr'><em>de</em></span> <span class='ocrx_word' id='word_1_316' title='bbox 1349 3019 1467 3091; x_wconf 83' lang='lat' dir='ltr'><em>inserti</em></span> <span class='ocrx_word' id='word_1_317' title='bbox 1484 3017 1616 3118; x_wconf 79' lang='lat' dir='ltr'><em>potest,</em></span> <span class='ocrx_word' id='word_1_318' title='bbox 1642 3022 1734 3118; x_wconf 90' lang='lat' dir='ltr'><em>quod</em></span> <span class='ocrx_word' id='word_1_319' title='bbox 1754 3019 1826 3106; x_wconf 85' lang='lat' dir='ltr'><em>ilii,</em></span> <span class='ocrx_word' id='word_1_320' title='bbox 1848 3027 1905 3119; x_wconf 91' lang='lat' dir='ltr'><em>qui</em></span> <span class='ocrx_word' id='word_1_321' title='bbox 1924 3047 1994 3093; x_wconf 88' lang='lat' dir='ltr'><em>non</em></span> <span class='ocrx_word' id='word_1_322' title='bbox 2022 3028 2140 3095; x_wconf 87' lang='lat' dir='ltr'><em>trimu-</em></span> 
     </span>
     <span class='ocr_line' id='line_1_26' title="bbox 374 3110 2140 3216; baseline 0.002 -26"><span class='ocrx_word' id='word_1_323' title='bbox 374 3110 453 3191; x_wconf 87' lang='lat' dir='ltr'><em>cles.</em></span> <span class='ocrx_word' id='word_1_324' title='bbox 474 3141 548 3214; x_wconf 88' lang='lat' dir='ltr'><em>cap.</em></span> <span class='ocrx_word' id='word_1_325' title='bbox 574 3146 605 3192; x_wconf 81' lang='lat' dir='ltr'><em>e.</em></span> <span class='ocrx_word' id='word_1_326' title='bbox 623 3119 664 3216; x_wconf 95' lang='lat' dir='ltr'>Q</span> <span class='ocrx_word' id='word_1_327' title='bbox 714 3120 838 3216; x_wconf 79' lang='lat' dir='ltr'><em>Qarta</em></span> <span class='ocrx_word' id='word_1_328' title='bbox 854 3125 958 3206; x_wconf 87' lang='lat' dir='ltr'><em>nota)</em></span> <span class='ocrx_word' id='word_1_329' title='bbox 982 3123 1093 3215; x_wconf 81' lang='lat' dir='ltr'><em>Pergit</em></span> <span class='ocrx_word' id='word_1_330' title='bbox 1120 3120 1242 3190; x_wconf 80' lang='lat' dir='ltr'><em>hellae·</em></span> <span class='ocrx_word' id='word_1_331' title='bbox 1276 3119 1396 3215; x_wconf 78' lang='lat' dir='ltr'><em>phane,</em></span> <span class='ocrx_word' id='word_1_332' title='bbox 1422 3143 1491 3189; x_wconf 77' lang='lat' dir='ltr'><em>tuan</em></span> <span class='ocrx_word' id='word_1_333' title='bbox 1514 3117 1575 3188; x_wconf 86' lang='lat' dir='ltr'><em>hnt</em></span> <span class='ocrx_word' id='word_1_334' title='bbox 1600 3120 1758 3190; x_wconf 72' lang='lat' dir='ltr'><em>catholici</em></span> <span class='ocrx_word' id='word_1_335' title='bbox 1784 3142 1891 3216; x_wconf 83' lang='lat' dir='ltr'><em>teges.</em></span> <span class='ocrx_word' id='word_1_336' title='bbox 1943 3122 1997 3214; x_wconf 81' lang='lat'><em>3.)</em></span> <span class='ocrx_word' id='word_1_337' title='bbox 2020 3121 2140 3193; x_wconf 71' lang='lat' dir='ltr'><em>Otien-</em></span> 
     </span>
     <span class='ocr_line' id='line_1_27' title="bbox 375 3211 2139 3317; baseline 0.002 -28"><span class='ocrx_word' id='word_1_338' title='bbox 375 3213 515 3290; x_wconf 85' lang='lat' dir='ltr'><em>minua:</em></span> <span class='ocrx_word' id='word_1_339' title='bbox 546 3229 660 3314; x_wconf 80' lang='lat' dir='ltr'><em>ltaque</em></span> <span class='ocrx_word' id='word_1_340' title='bbox 688 3217 848 3317; x_wconf 70' lang='lat' dir='ltr'><em>palicas</em></span> <span class='ocrx_word' id='word_1_341' title='bbox 876 3221 914 3287; x_wconf 90' lang='lat' dir='ltr'><em>in</em></span> <span class='ocrx_word' id='word_1_342' title='bbox 940 3219 1121 3314; x_wconf 75' lang='lat' dir='ltr'><em>Tryphone</em></span> <span class='ocrx_word' id='word_1_343' title='bbox 1141 3220 1243 3303; x_wconf 84' lang='lat' dir='ltr'><em>dicit,</em></span> <span class='ocrx_word' id='word_1_344' title='bbox 1280 3216 1362 3286; x_wconf 87' lang='lat' dir='ltr'><em>dmu</em></span> <span class='ocrx_word' id='word_1_345' title='bbox 1391 3218 1458 3287; x_wconf 90' lang='lat' dir='ltr'><em>hoc</em></span> <span class='ocrx_word' id='word_1_346' title='bbox 1482 3211 1549 3312; x_wconf 87' lang='lat' dir='ltr'><em>ipsa</em></span> <span class='ocrx_word' id='word_1_347' title='bbox 1578 3215 1634 3286; x_wconf 89' lang='lat' dir='ltr'><em>illa</em></span> <span class='ocrx_word' id='word_1_348' title='bbox 1660 3215 1841 3312; x_wconf 85' lang='lat' dir='ltr'><em>euetttpla.,</em></span> <span class='ocrx_word' id='word_1_349' title='bbox 1865 3241 1939 3313; x_wconf 61' lang='grc' dir='ltr'><em>φιτ</em></span> <span class='ocrx_word' id='word_1_350' title='bbox 1962 3214 2139 3291; x_wconf 87' lang='lat' dir='ltr'><em>Bellartui·</em></span> 
     </span>
     <span class='ocr_line' id='line_1_28' title="bbox 327 3305 2140 3417; baseline 0.001 -31"><span class='ocrx_word' id='word_1_351' title='bbox 327 3319 335 3324; x_wconf 84' lang='grc'><em>“</em></span> <span class='ocrx_word' id='word_1_352' title='bbox 367 3305 632 3412; x_wconf 74' lang='lat' dir='ltr'><em>‘perfieationeat</em></span> <span class='ocrx_word' id='word_1_353' title='bbox 647 3318 681 3384; x_wconf 85' lang='lat' dir='ltr'><em>it</em></span> <span class='ocrx_word' id='word_1_354' title='bbox 698 3310 757 3407; x_wconf 76' lang='lat' dir='ltr'><em>effe</em></span> <span class='ocrx_word' id='word_1_355' title='bbox 772 3315 927 3411; x_wconf 72' lang='lat' dir='ltr'><em>eeclesiae,</em></span> <span class='ocrx_word' id='word_1_356' title='bbox 957 3322 1045 3409; x_wconf 80' lang='lat' dir='ltr'><em>quod</em></span> <span class='ocrx_word' id='word_1_357' title='bbox 1070 3315 1110 3405; x_wconf 69' lang='lat' dir='ltr'><em>el</em></span> <span class='ocrx_word' id='word_1_358' title='bbox 1136 3320 1240 3387; x_wconf 90' lang='lat' dir='ltr'><em>uineis</em></span> <span class='ocrx_word' id='word_1_359' title='bbox 1280 3338 1341 3384; x_wconf 63' lang='lat' dir='ltr'><em>ntea</em></span> <span class='ocrx_word' id='word_1_360' title='bbox 1363 3312 1506 3388; x_wconf 78' lang='lat' dir='ltr'><em>adducit.</em></span> <span class='ocrx_word' id='word_1_361' title='bbox 1552 3316 1720 3414; x_wconf 72' lang='lat' dir='ltr'><em>Jacohut,</em></span> <span class='ocrx_word' id='word_1_362' title='bbox 1746 3316 1887 3388; x_wconf 81' lang='lat' dir='ltr'><em>Abrahae</em></span> <span class='ocrx_word' id='word_1_363' title='bbox 1907 3337 2035 3412; x_wconf 81' lang='lat' dir='ltr'><em>nepos,</em></span> <span class='ocrx_word' id='word_1_364' title='bbox 2055 3325 2140 3417; x_wconf 82' lang='lat' dir='ltr'><em>qttot</em></span> 
     </span>
     <span class='ocr_line' id='line_1_29' title="bbox 371 3407 2140 3512; baseline 0.001 -26"><span class='ocrx_word' id='word_1_365' title='bbox 371 3415 525 3510; x_wconf 81' lang='lat' dir='ltr'><em>patalia,</em></span> <span class='ocrx_word' id='word_1_366' title='bbox 550 3429 588 3487; x_wconf 86' lang='lat' dir='ltr'><em>ut</em></span> <span class='ocrx_word' id='word_1_367' title='bbox 607 3418 687 3486; x_wconf 91' lang='lat' dir='ltr'><em>enim</em></span> <span class='ocrx_word' id='word_1_368' title='bbox 705 3417 801 3484; x_wconf 90' lang='lat' dir='ltr'><em>uinea</em></span> <span class='ocrx_word' id='word_1_369' title='bbox 814 3416 986 3508; x_wconf 86' lang='lat' dir='ltr'><em>putatione</em></span> <span class='ocrx_word' id='word_1_370' title='bbox 1002 3421 1045 3485; x_wconf 82' lang='lat' dir='ltr'><em>ad</em></span> <span class='ocrx_word' id='word_1_371' title='bbox 1064 3418 1241 3488; x_wconf 83' lang='lat' dir='ltr'><em>uhertatem</em></span> <span class='ocrx_word' id='word_1_372' title='bbox 1278 3407 1419 3483; x_wconf 84' lang='lat' dir='ltr'><em>adverhs</em></span> <span class='ocrx_word' id='word_1_373' title='bbox 1439 3409 1504 3498; x_wconf 78' lang='lat' dir='ltr'><em>suit</em></span> <span class='ocrx_word' id='word_1_374' title='bbox 1520 3417 1699 3498; x_wconf 82' lang='lat' dir='ltr'><em>exercitur,</em></span> <span class='ocrx_word' id='word_1_375' title='bbox 1725 3417 1759 3488; x_wconf 78' lang='lat' dir='ltr'><em>dt</em></span> <span class='ocrx_word' id='word_1_376' title='bbox 1784 3434 1896 3487; x_wconf 85' lang='lat' dir='ltr'><em>tamen</em></span> <span class='ocrx_word' id='word_1_377' title='bbox 1918 3411 2048 3486; x_wconf 76' lang='lat' dir='ltr'><em>faenilia</em></span> <span class='ocrx_word' id='word_1_378' title='bbox 2069 3416 2140 3512; x_wconf 79' lang='lat' dir='ltr'><em>ejus</em></span> 
     </span>
     <span class='ocr_line' id='line_1_30' title="bbox 372 3506 2141 3612; baseline -0.003 -22"><span class='ocrx_word' id='word_1_379' title='bbox 372 3527 604 3608; x_wconf 79' lang='lat' dir='ltr'><em>prouocatur,</em></span> <span class='ocrx_word' id='word_1_380' title='bbox 637 3517 683 3584; x_wconf 88' lang='lat' dir='ltr'><em>ila</em></span> <span class='ocrx_word' id='word_1_381' title='bbox 713 3535 841 3608; x_wconf 86' lang='lat' dir='ltr'><em>quoquc</em></span> <span class='ocrx_word' id='word_1_382' title='bbox 867 3514 990 3612; x_wconf 68' lang='lat' dir='ltr'><em>eeclesia</em></span> <span class='ocrx_word' id='word_1_383' title='bbox 1006 3515 1240 3612; x_wconf 87' lang='lat' dir='ltr'><em>persecutioni·</em></span> <span class='ocrx_word' id='word_1_384' title='bbox 1277 3506 1342 3581; x_wconf 86' lang='lat' dir='ltr'><em>fuit</em></span> <span class='ocrx_word' id='word_1_385' title='bbox 1365 3535 1442 3583; x_wconf 87' lang='lat' dir='ltr'><em>vera</em></span> <span class='ocrx_word' id='word_1_386' title='bbox 1457 3512 1533 3579; x_wconf 84' lang='lat' dir='ltr'><em>&#39;Dei</em></span> <span class='ocrx_word' id='word_1_387' title='bbox 1562 3512 1707 3585; x_wconf 81' lang='lat' dir='ltr'><em>ecclesia.</em></span> <span class='ocrx_word' id='word_1_388' title='bbox 1754 3513 1933 3610; x_wconf 84' lang='lat' dir='ltr'><em>Tempore</em></span> <span class='ocrx_word' id='word_1_389' title='bbox 1956 3514 2061 3612; x_wconf 65' lang='lat' dir='ltr'><em>attus</em></span> <span class='ocrx_word' id='word_1_390' title='bbox 2087 3539 2141 3585; x_wconf 88' lang='lat' dir='ltr'><em>ea-</em></span> 
     </span>
    </p>
   </div>
   <div class='ocr_carea' id='block_1_5' title="bbox 367 3605 2304 3710">
    <p class='ocr_par' dir='ltr' id='par_1_5' title="bbox 367 3605 2304 3710">
     <span class='ocr_line' id='line_1_31' title="bbox 367 3605 2304 3710; baseline -0.001 -26"><span class='ocrx_word' id='word_1_391' title='bbox 367 3613 435 3685; x_wconf 77' lang='lat' dir='ltr'><em>·iue</em></span> <span class='ocrx_word' id='word_1_392' title='bbox 457 3612 580 3707; x_wconf 88' lang='lat' dir='ltr'><em>erescit.</em></span> <span class='ocrx_word' id='word_1_393' title='bbox 631 3617 679 3684; x_wconf 82' lang='lat' dir='ltr'><em>Et</em></span> <span class='ocrx_word' id='word_1_394' title='bbox 697 3609 924 3688; x_wconf 78' lang='lat' dir='ltr'><em>Tertullianus</em></span> <span class='ocrx_word' id='word_1_395' title='bbox 949 3639 1020 3710; x_wconf 88' lang='lat' dir='ltr'><em>cap.</em></span> <span class='ocrx_word' id='word_1_396' title='bbox 1043 3618 1102 3685; x_wconf 85' lang='lat' dir='ltr'><em>ult.</em></span> <span class='ocrx_word' id='word_1_397' title='bbox 1126 3619 1242 3708; x_wconf 90' lang='lat' dir='ltr'><em>apola·</em></span> <span class='ocrx_word' id='word_1_398' title='bbox 1279 3606 1375 3679; x_wconf 82' lang='lat' dir='ltr'><em>clefia</em></span> <span class='ocrx_word' id='word_1_399' title='bbox 1410 3605 1630 3682; x_wconf 85' lang='lat' dir='ltr'><em>israelitarum</em></span> <span class='ocrx_word' id='word_1_400' title='bbox 1667 3605 1770 3704; x_wconf 80' lang='lat' dir='ltr'><em>pressa</em></span> <span class='ocrx_word' id='word_1_401' title='bbox 1811 3609 1875 3684; x_wconf 89' lang='lat' dir='ltr'><em>suit</em></span> <span class='ocrx_word' id='word_1_402' title='bbox 1910 3617 1945 3684; x_wconf 91' lang='lat' dir='ltr'><em>in</em></span> <span class='ocrx_word' id='word_1_403' title='bbox 1982 3610 2139 3686; x_wconf 85' lang='lat' dir='ltr'><em>servitute</em></span> <span class='ocrx_word' id='word_1_404' title='bbox 2198 3701 2201 3708; x_wconf 25' lang='grc' dir='ltr'>Ι</span> <span class='ocrx_word' id='word_1_405' title='bbox 2294 3665 2304 3672; x_wconf 86' lang='grc'>-</span> 
     </span>
    </p>
   </div>
   <div class='ocr_carea' id='block_1_6' title="bbox 368 3706 2140 4008">
    <p class='ocr_par' dir='ltr' id='par_1_6' title="bbox 368 3706 2140 4008">
     <span class='ocr_line' id='line_1_32' title="bbox 373 3706 2140 3812; baseline 0.005 -28"><span class='ocrx_word' id='word_1_406' title='bbox 373 3723 440 3810; x_wconf 71' lang='lat' dir='ltr'><em>gel,</em></span> <span class='ocrx_word' id='word_1_407' title='bbox 447 3711 648 3812; x_wconf 80' lang='lat' dir='ltr'><em>sauguinem</em></span> <span class='ocrx_word' id='word_1_408' title='bbox 657 3725 835 3803; x_wconf 79' lang='lat' dir='ltr'><em>marturum</em></span> <span class='ocrx_word' id='word_1_409' title='bbox 852 3713 1019 3809; x_wconf 82' lang='lat' dir='ltr'><em>eleganter</em></span> <span class='ocrx_word' id='word_1_410' title='bbox 1024 3716 1138 3810; x_wconf 87' lang='lat' dir='ltr'><em>semea</em></span> <span class='ocrx_word' id='word_1_411' title='bbox 1156 3713 1240 3785; x_wconf 87' lang='lat' dir='ltr'><em>chri·</em></span> <span class='ocrx_word' id='word_1_412' title='bbox 1280 3708 1496 3803; x_wconf 65' lang='lat' dir='ltr'><em>AEgyptiffll</em></span> <span class='ocrx_word' id='word_1_413' title='bbox 1521 3706 1825 3804; x_wconf 70' lang='lat' dir='ltr'><em>P⁰st⁰d1¹ffl⁰¹¹0m</em></span> <span class='ocrx_word' id='word_1_414' title='bbox 1846 3735 1905 3805; x_wconf 59' lang='lat' dir='ltr'><em>Pir</em></span> <span class='ocrx_word' id='word_1_415' title='bbox 1924 3713 2140 3810; x_wconf 63' lang='lat' dir='ltr'><em>quadriginlt</em></span> 
     </span>
     <span class='ocr_line' id='line_1_33' title="bbox 368 3801 2138 3909; baseline -0.001 -27"><span class='ocrx_word' id='word_1_416' title='bbox 368 3811 559 3908; x_wconf 78' lang='lat' dir='ltr'><em>stianarum</em></span> <span class='ocrx_word' id='word_1_417' title='bbox 591 3821 685 3884; x_wconf 85' lang='lat' dir='ltr'><em>uacat</em></span> <span class='ocrx_word' id='word_1_418' title='bbox 714 3808 785 3881; x_wconf 77' lang='lat' dir='ltr'><em>&amp;a</em></span> <span class='ocrx_word' id='word_1_419' title='bbox 839 3817 935 3903; x_wconf 77' lang='lat' dir='ltr'><em>Atqui</em></span> <span class='ocrx_word' id='word_1_420' title='bbox 960 3810 982 3882; x_wconf 87' lang='lat' dir='ltr'><em>si</em></span> <span class='ocrx_word' id='word_1_421' title='bbox 1007 3811 1143 3885; x_wconf 82' lang='lat' dir='ltr'><em>ecclessa</em></span> <span class='ocrx_word' id='word_1_422' title='bbox 1169 3835 1241 3909; x_wconf 86' lang='lat' dir='ltr'><em>pet·</em></span> <span class='ocrx_word' id='word_1_423' title='bbox 1280 3801 1735 3903; x_wconf 81' lang='lat' dir='ltr'><em>annoavagatnrindescrto.</em></span> <span class='ocrx_word' id='word_1_424' title='bbox 1785 3802 1891 3891; x_wconf 81' lang='lat' dir='ltr'><em>Josuae</em></span> <span class='ocrx_word' id='word_1_425' title='bbox 1902 3810 1975 3886; x_wconf 86' lang='lat' dir='ltr'><em>vlt.</em></span> <span class='ocrx_word' id='word_1_426' title='bbox 1999 3817 2138 3890; x_wconf 61' lang='lat' dir='ltr'><em>niaco-</em></span> 
     </span>
     <span class='ocr_line' id='line_1_34' title="bbox 376 3903 2139 4008; baseline -0.001 -28"><span class='ocrx_word' id='word_1_427' title='bbox 376 3905 600 3982; x_wconf 86' lang='lat' dir='ltr'><em>secutionibus</em></span> <span class='ocrx_word' id='word_1_428' title='bbox 612 3903 750 3996; x_wconf 88' lang='lat' dir='ltr'><em>crescit,</em></span> <span class='ocrx_word' id='word_1_429' title='bbox 771 3904 1015 4004; x_wconf 86' lang='lat' dir='ltr'><em>persecutiones</em></span> <span class='ocrx_word' id='word_1_430' title='bbox 1027 3917 1245 4008; x_wconf 82' lang='lat' dir='ltr'><em>potiusquam</em></span> <span class='ocrx_word' id='word_1_431' title='bbox 1280 3903 1426 3977; x_wconf 78' lang='lat' dir='ltr'><em>laeurbu</em></span> <span class='ocrx_word' id='word_1_432' title='bbox 1446 3904 1565 3974; x_wconf 86' lang='lat' dir='ltr'><em>Halia</em></span> <span class='ocrx_word' id='word_1_433' title='bbox 1587 3903 1703 4001; x_wconf 86' lang='lat' dir='ltr'><em>praelio</em></span> <span class='ocrx_word' id='word_1_434' title='bbox 1728 3921 1845 3974; x_wconf 87' lang='lat' dir='ltr'><em>contra</em></span> <span class='ocrx_word' id='word_1_435' title='bbox 1872 3907 2036 3998; x_wconf 80' lang='lat' dir='ltr'><em>israelitae</em></span> <span class='ocrx_word' id='word_1_436' title='bbox 2060 3932 2139 3982; x_wconf 88' lang='lat' dir='ltr'><em>eva·</em></span> 
     </span>
    </p>
   </div>
   <div class='ocr_carea' id='block_1_7' title="bbox 358 3997 2350 4106">
    <p class='ocr_par' dir='ltr' id='par_1_7' title="bbox 358 3997 2350 4106">
     <span class='ocr_line' id='line_1_35' title="bbox 358 3997 2350 4106; baseline -0.004 -24"><span class='ocrx_word' id='word_1_437' title='bbox 358 4008 572 4106; x_wconf 65' lang='lat' dir='ltr'><em>&#39;tenporalis</em></span> <span class='ocrx_word' id='word_1_438' title='bbox 593 4006 732 4081; x_wconf 85' lang='lat' dir='ltr'><em>felicitas</em></span> <span class='ocrx_word' id='word_1_439' title='bbox 760 4003 817 4103; x_wconf 84' lang='lat' dir='ltr'><em>ipss</em></span> <span class='ocrx_word' id='word_1_440' title='bbox 838 4012 1048 4081; x_wconf 86' lang='lat' dir='ltr'><em>convenient.</em></span> <span class='ocrx_word' id='word_1_441' title='bbox 1279 4000 1363 4074; x_wconf 92' lang='lat' dir='ltr'><em>dunt</em></span> <span class='ocrx_word' id='word_1_442' title='bbox 1388 3997 1599 4096; x_wconf 82' lang='lat' dir='ltr'><em>superiores,</em></span> <span class='ocrx_word' id='word_1_443' title='bbox 1631 4025 1701 4073; x_wconf 88' lang='lat' dir='ltr'><em>non</em></span> <span class='ocrx_word' id='word_1_444' title='bbox 1728 3999 1820 4099; x_wconf 88' lang='lat' dir='ltr'><em>quod</em></span> <span class='ocrx_word' id='word_1_445' title='bbox 1849 4002 1972 4100; x_wconf 85' lang='lat' dir='ltr'><em>religio</em></span> <span class='ocrx_word' id='word_1_446' title='bbox 1991 4001 2140 4103; x_wconf 88' lang='lat' dir='ltr'><em>ipsorum</em></span> <span class='ocrx_word' id='word_1_447' title='bbox 2256 4069 2260 4074; x_wconf 90' lang='lat'>.</span> <span class='ocrx_word' id='word_1_448' title='bbox 2345 4079 2350 4086; x_wconf 56' lang='grc'>,</span> 
     </span>
    </p>
   </div>
   <div class='ocr_carea' id='block_1_8' title="bbox 368 4094 2220 4693">
    <p class='ocr_par' dir='ltr' id='par_1_8' title="bbox 368 4094 2220 4606">
     <span class='ocr_line' id='line_1_36' title="bbox 436 4094 2141 4238; baseline -0.001 -62"><span class='ocrx_word' id='word_1_449' title='bbox 436 4193 550 4238; x_wconf 53' lang='lat' dir='ltr'><em>ma</em></span> <span class='ocrx_word' id='word_1_450' title='bbox 680 4103 718 4202; x_wconf 89' lang='lat' dir='ltr'><em>Q.</em></span> <span class='ocrx_word' id='word_1_451' title='bbox 740 4107 852 4223; x_wconf 39' lang='grc'><strong>000..</strong></span> <span class='ocrx_word' id='word_1_452' title='bbox 871 4104 1074 4195; x_wconf 73' lang='lat' dir='ltr'><em>Videamus,</em></span> <span class='ocrx_word' id='word_1_453' title='bbox 1095 4129 1242 4203; x_wconf 88' lang='lat' dir='ltr'><em>quomo·</em></span> <span class='ocrx_word' id='word_1_454' title='bbox 1279 4099 1425 4184; x_wconf 88' lang='lat' dir='ltr'><em>melior,</em></span> <span class='ocrx_word' id='word_1_455' title='bbox 1444 4094 1508 4218; x_wconf 33' lang='lat' dir='ltr'><em>‘sed</em></span> <span class='ocrx_word' id='word_1_456' title='bbox 1533 4105 1610 4216; x_wconf 77' lang='lat' dir='ltr'><em>epeia</em></span> <span class='ocrx_word' id='word_1_457' title='bbox 1634 4096 1786 4220; x_wconf 72' lang='lat' dir='ltr'><em>israplitte</em></span> <span class='ocrx_word' id='word_1_458' title='bbox 1804 4104 1893 4192; x_wconf 84' lang='lat' dir='ltr'><em>juxta</em></span> <span class='ocrx_word' id='word_1_459' title='bbox 1914 4100 2141 4219; x_wconf 68' lang='lat' dir='ltr'><em>prescriptum</em></span> 
     </span>
     <span class='ocr_line' id='line_1_37' title="bbox 374 4177 2140 4323; baseline -0.002 -47"><span class='ocrx_word' id='word_1_460' title='bbox 374 4177 543 4322; x_wconf 49' lang='lat' dir='ltr'><em>gamm.</em></span> <span class='ocrx_word' id='word_1_461' title='bbox 632 4201 916 4323; x_wconf 65' lang='lat' dir='ltr'><em>elethcllarmtnus</em></span> <span class='ocrx_word' id='word_1_462' title='bbox 933 4207 1001 4276; x_wconf 90' lang='lat' dir='ltr'><em>hnc</em></span> <span class='ocrx_word' id='word_1_463' title='bbox 1018 4204 1097 4276; x_wconf 94' lang='lat' dir='ltr'><em>loco</em></span> <span class='ocrx_word' id='word_1_464' title='bbox 1109 4203 1241 4323; x_wconf 74' lang='lat' dir='ltr'><em>proluet,</em></span> <span class='ocrx_word' id='word_1_465' title='bbox 1278 4223 1365 4319; x_wconf 74' lang='lat' dir='ltr'><em>verae</em></span> <span class='ocrx_word' id='word_1_466' title='bbox 1392 4198 1567 4297; x_wconf 78' lang='lat' dir='ltr'><em>religiones</em></span> <span class='ocrx_word' id='word_1_467' title='bbox 1591 4223 1661 4270; x_wconf 88' lang='lat' dir='ltr'><em>nnn</em></span> <span class='ocrx_word' id='word_1_468' title='bbox 1677 4218 1841 4316; x_wconf 72' lang='lat' dir='ltr'><em>vuuerapt.</em></span> <span class='ocrx_word' id='word_1_469' title='bbox 1891 4199 2071 4297; x_wconf 88' lang='lat' dir='ltr'><em>Tempore</em></span> <span class='ocrx_word' id='word_1_470' title='bbox 2091 4225 2140 4290; x_wconf 79' lang='lat' dir='ltr'><em>pt·</em></span> 
     </span>
     <span class='ocr_line' id='line_1_38' title="bbox 368 4296 2220 4516; baseline -0.024 -36"><span class='ocrx_word' id='word_1_471' title='bbox 368 4336 584 4502; x_wconf 58' lang='lat' dir='ltr'><em>slew</em></span> <span class='ocrx_word' id='word_1_472' title='bbox 630 4296 2139 4516; x_wconf 44' lang='lat' dir='ltr'><em>tlsttuz‘s5130‘3lzmttut‘ltlustultltllllzuzt‘ugl&#39;ttgn</em></span> <span class='ocrx_word' id='word_1_473' title='bbox 2217 4429 2220 4434; x_wconf 83' lang='lat'>.</span> 
     </span>
     <span class='ocr_line' id='line_1_39' title="bbox 635 4491 2139 4606; baseline -0.001 -36"><span class='ocrx_word' id='word_1_474' title='bbox 635 4495 883 4587; x_wconf 84' lang='lat' dir='ltr'><em>desendemnt,</em></span> <span class='ocrx_word' id='word_1_475' title='bbox 926 4495 991 4571; x_wconf 87' lang='lat' dir='ltr'><em>esse</em></span> <span class='ocrx_word' id='word_1_476' title='bbox 1015 4498 1159 4571; x_wconf 84' lang='lat' dir='ltr'><em>ecclehae</em></span> <span class='ocrx_word' id='word_1_477' title='bbox 1177 4523 1239 4606; x_wconf 86' lang='lat' dir='ltr'><em>no·</em></span> <span class='ocrx_word' id='word_1_478' title='bbox 1279 4499 1394 4583; x_wconf 81' lang='lat' dir='ltr'><em>nimis,</em></span> <span class='ocrx_word' id='word_1_479' title='bbox 1419 4495 1464 4583; x_wconf 62' lang='grc' dir='ltr'>ὅ</span> <span class='ocrx_word' id='word_1_480' title='bbox 1486 4498 1669 4570; x_wconf 83' lang='lat' dir='ltr'><em>ceciderunt</em></span> <span class='ocrx_word' id='word_1_481' title='bbox 1686 4519 1727 4566; x_wconf 79' lang='lat' dir='ltr'><em>coc</em></span> <span class='ocrx_word' id='word_1_482' title='bbox 1745 4494 1854 4591; x_wconf 90' lang='lat' dir='ltr'><em>lsrael</em></span> <span class='ocrx_word' id='word_1_483' title='bbox 1872 4500 2015 4596; x_wconf 83' lang='lat' dir='ltr'><em>triginta</em></span> <span class='ocrx_word' id='word_1_484' title='bbox 2037 4491 2139 4570; x_wconf 74' lang='lat' dir='ltr'><em>melia</em></span> 
     </span>
    </p>

    <p class='ocr_par' dir='ltr' id='par_1_9' title="bbox 374 4591 2138 4693">
     <span class='ocr_line' id='line_1_40' title="bbox 374 4591 2138 4693; baseline -0.002 -23"><span class='ocrx_word' id='word_1_485' title='bbox 374 4613 456 4670; x_wconf 71' lang='lat' dir='ltr'><em>um.</em></span> <span class='ocrx_word' id='word_1_486' title='bbox 513 4595 682 4690; x_wconf 81' lang='lat' dir='ltr'><em>Numpam</em></span> <span class='ocrx_word' id='word_1_487' title='bbox 709 4596 868 4693; x_wconf 90' lang='lat' dir='ltr'><em>(inquit)</em></span> <span class='ocrx_word' id='word_1_488' title='bbox 901 4598 1050 4670; x_wconf 81' lang='lat' dir='ltr'><em>catholici</em></span> <span class='ocrx_word' id='word_1_489' title='bbox 1076 4602 1243 4692; x_wconf 85' lang='lat' dir='ltr'><em>principes</em></span> <span class='ocrx_word' id='word_1_490' title='bbox 1279 4601 1424 4692; x_wconf 86' lang='lat' dir='ltr'><em>peditum</em></span> <span class='ocrx_word' id='word_1_491' title='bbox 1447 4591 1495 4668; x_wconf 61' lang='lat'><em>85</em></span> <span class='ocrx_word' id='word_1_492' title='bbox 1516 4619 1594 4667; x_wconf 85' lang='lat' dir='ltr'><em>orca</em></span> <span class='ocrx_word' id='word_1_493' title='bbox 1619 4596 1795 4690; x_wconf 87' lang='lat' dir='ltr'><em>Dcieapta</em></span> <span class='ocrx_word' id='word_1_494' title='bbox 1820 4593 1872 4683; x_wconf 77' lang='lat' dir='ltr'><em>eli.</em></span> <span class='ocrx_word' id='word_1_495' title='bbox 1927 4623 1956 4670; x_wconf 86' lang='lat' dir='ltr'><em>t.</em></span> <span class='ocrx_word' id='word_1_496' title='bbox 1972 4601 2058 4668; x_wconf 83' lang='lat' dir='ltr'><em>Sam.</em></span> <span class='ocrx_word' id='word_1_497' title='bbox 2079 4597 2138 4671; x_wconf 76' lang='grc' dir='ltr'><em>Ν.</em></span> 
     </span>
    </p>
   </div>
   <div class='ocr_carea' id='block_1_9' title="bbox 375 4691 2140 4793">
    <p class='ocr_par' dir='ltr' id='par_1_10' title="bbox 375 4691 2140 4793">
     <span class='ocr_line' id='line_1_41' title="bbox 375 4691 2140 4793; baseline -0.002 -25"><span class='ocrx_word' id='word_1_498' title='bbox 375 4717 413 4768; x_wconf 77' lang='lat' dir='ltr'><em>ex</em></span> <span class='ocrx_word' id='word_1_499' title='bbox 437 4694 551 4776; x_wconf 75' lang='lat' dir='ltr'><em>animo</em></span> <span class='ocrx_word' id='word_1_500' title='bbox 579 4705 649 4772; x_wconf 86' lang='lat' dir='ltr'><em>Deo</em></span> <span class='ocrx_word' id='word_1_501' title='bbox 671 4698 906 4788; x_wconf 78' lang='lat' dir='ltr'><em>adhaeserunt,</em></span> <span class='ocrx_word' id='word_1_502' title='bbox 929 4700 1010 4793; x_wconf 83' lang='lat' dir='ltr'><em>quin</em></span> <span class='ocrx_word' id='word_1_503' title='bbox 1027 4700 1176 4793; x_wconf 81' lang='lat' dir='ltr'><em>faciliter</em></span> <span class='ocrx_word' id='word_1_504' title='bbox 1203 4701 1244 4767; x_wconf 83' lang='lat' dir='ltr'><em>ele</em></span> <span class='ocrx_word' id='word_1_505' title='bbox 1288 4724 1341 4767; x_wconf 89' lang='grc' dir='ltr'><em>ιο.</em></span> <span class='ocrx_word' id='word_1_506' title='bbox 1358 4718 1436 4766; x_wconf 90' lang='lat' dir='ltr'><em>cum</em></span> <span class='ocrx_word' id='word_1_507' title='bbox 1451 4693 1551 4792; x_wconf 89' lang='lat' dir='ltr'><em>paulo</em></span> <span class='ocrx_word' id='word_1_508' title='bbox 1568 4698 1659 4790; x_wconf 83' lang='lat' dir='ltr'><em>prius</em></span> <span class='ocrx_word' id='word_1_509' title='bbox 1673 4713 1749 4766; x_wconf 90' lang='lat' dir='ltr'><em>ante</em></span> <span class='ocrx_word' id='word_1_510' title='bbox 1774 4691 1917 4764; x_wconf 85' lang='lat' dir='ltr'><em>adlatam</em></span> <span class='ocrx_word' id='word_1_511' title='bbox 1941 4696 2004 4765; x_wconf 83' lang='lat' dir='ltr'><em>Dei</em></span> <span class='ocrx_word' id='word_1_512' title='bbox 2027 4716 2140 4766; x_wconf 83' lang='lat' dir='ltr'><em>arcam</em></span> 
     </span>
    </p>
   </div>
   <div class='ocr_carea' id='block_1_10' title="bbox 375 4781 2141 4963">
    <p class='ocr_par' dir='ltr' id='par_1_11' title="bbox 375 4781 2141 4963">
     <span class='ocr_line' id='line_1_42' title="bbox 375 4781 2141 4963; baseline 0 -99"><span class='ocrx_word' id='word_1_513' title='bbox 375 4781 520 4886; x_wconf 75' lang='lat' dir='ltr'><em>hostiles</em></span> <span class='ocrx_word' id='word_1_514' title='bbox 539 4797 789 4890; x_wconf 69' lang='lat' dir='ltr'><em>lmusrphareat.</em></span> <span class='ocrx_word' id='word_1_515' title='bbox 840 4792 891 4865; x_wconf 84' lang='lat' dir='ltr'><em>hd</em></span> <span class='ocrx_word' id='word_1_516' title='bbox 909 4820 1009 4889; x_wconf 75' lang='lat' dir='ltr'><em>quiam</em></span> <span class='ocrx_word' id='word_1_517' title='bbox 1034 4795 1139 4867; x_wconf 87' lang='lat' dir='ltr'><em>thesm</em></span> <span class='ocrx_word' id='word_1_518' title='bbox 1162 4819 1240 4891; x_wconf 91' lang='lat' dir='ltr'><em>pro·</em></span> <span class='ocrx_word' id='word_1_519' title='bbox 1280 4812 1428 4963; x_wconf 59' lang='lat' dir='ltr'><em>Quamne</em></span> <span class='ocrx_word' id='word_1_520' title='bbox 1442 4790 1547 4864; x_wconf 81' lang='lat' dir='ltr'><em>taillia</em></span> <span class='ocrx_word' id='word_1_521' title='bbox 1567 4796 1601 4862; x_wconf 94' lang='lat' dir='ltr'><em>in</em></span> <span class='ocrx_word' id='word_1_522' title='bbox 1619 4814 1729 4889; x_wconf 82' lang='lat' dir='ltr'><em>pugna</em></span> <span class='ocrx_word' id='word_1_523' title='bbox 1741 4791 2045 4864; x_wconf 77' lang='lat' dir='ltr'><em>contrai’h&#39;ilissaeoa</em></span> <span class='ocrx_word' id='word_1_524' title='bbox 2057 4787 2141 4864; x_wconf 82' lang='lat' dir='ltr'><em>deli·</em></span> 
     </span>
    </p>
   </div>
   <div class='ocr_carea' id='block_1_11' title="bbox 374 4885 2143 4994">
    <p class='ocr_par' dir='ltr' id='par_1_12' title="bbox 374 4885 2143 4994">
     <span class='ocr_line' id='line_1_43' title="bbox 374 4885 2143 4994; baseline -0.003 -28"><span class='ocrx_word' id='word_1_525' title='bbox 374 4891 519 4970; x_wconf 81' lang='lat' dir='ltr'><em>handam</em></span> <span class='ocrx_word' id='word_1_526' title='bbox 541 4892 675 4968; x_wconf 89' lang='lat' dir='ltr'><em>adducit</em></span> <span class='ocrx_word' id='word_1_527' title='bbox 705 4890 858 4968; x_wconf 79' lang='lat' dir='ltr'><em>nislarias</em></span> <span class='ocrx_word' id='word_1_528' title='bbox 889 4895 1081 4972; x_wconf 82' lang='lat' dir='ltr'><em>Abrahae,</em></span> <span class='ocrx_word' id='word_1_529' title='bbox 1113 4894 1239 4994; x_wconf 80' lang='lat' dir='ltr'><em>Mofis,</em></span> <span class='ocrx_word' id='word_1_530' title='bbox 1306 4885 2143 4989; x_wconf 68' lang='lat' dir='ltr'><em>crassentua.Assyrii&amp;Babyloniiproevaluerunt</em></span> 
     </span>
    </p>
   </div>
   <div class='ocr_carea' id='block_1_12' title="bbox 363 4982 2272 5092">
    <p class='ocr_par' dir='ltr' id='par_1_13' title="bbox 363 4982 2272 5092">
     <span class='ocr_line' id='line_1_44' title="bbox 363 4982 2272 5092; baseline -0.004 -26"><span class='ocrx_word' id='word_1_531' title='bbox 363 4991 514 5092; x_wconf 28' lang='lat' dir='ltr'><em>&#39;Josaac</em></span> <span class='ocrx_word' id='word_1_532' title='bbox 533 5041 548 5072; x_wconf 84' lang='lat'><em>,</em></span> <span class='ocrx_word' id='word_1_533' title='bbox 592 4997 789 5079; x_wconf 73' lang='lat' dir='ltr'><em>Gauranis,</em></span> <span class='ocrx_word' id='word_1_534' title='bbox 827 4995 1017 5078; x_wconf 78' lang='lat' dir='ltr'><em>Samuelis,</em></span> <span class='ocrx_word' id='word_1_535' title='bbox 1066 4998 1239 5087; x_wconf 79' lang='lat' dir='ltr'><em>Danielis,</em></span> <span class='ocrx_word' id='word_1_536' title='bbox 1280 4995 1316 5063; x_wconf 89' lang='lat' dir='ltr'><em>ln</em></span> <span class='ocrx_word' id='word_1_537' title='bbox 1337 4986 1455 5086; x_wconf 86' lang='lat' dir='ltr'><em>praelio</em></span> <span class='ocrx_word' id='word_1_538' title='bbox 1477 5007 1592 5060; x_wconf 87' lang='lat' dir='ltr'><em>contra</em></span> <span class='ocrx_word' id='word_1_539' title='bbox 1610 4982 1790 5062; x_wconf 67' lang='lat' dir='ltr'><em>israelitae·</em></span> <span class='ocrx_word' id='word_1_540' title='bbox 1821 4989 1936 5090; x_wconf 62' lang='grc' dir='ltr'><em>Μαι</em></span> <span class='ocrx_word' id='word_1_541' title='bbox 1960 5013 2019 5061; x_wconf 89' lang='lat' dir='ltr'><em>rex</em></span> <span class='ocrx_word' id='word_1_542' title='bbox 2047 4992 2142 5087; x_wconf 87' lang='lat' dir='ltr'><em>pien-</em></span> <span class='ocrx_word' id='word_1_543' title='bbox 2262 5003 2272 5020; x_wconf 90' lang='lat'><strong>·</strong></span> 
     </span>
    </p>
   </div>
   <div class='ocr_carea' id='block_1_13' title="bbox 375 5085 2142 5257">
    <p class='ocr_par' dir='ltr' id='par_1_14' title="bbox 375 5085 2142 5257">
     <span class='ocr_line' id='line_1_45' title="bbox 375 5085 2142 5257; baseline -0.005 -91"><span class='ocrx_word' id='word_1_544' title='bbox 375 5094 563 5170; x_wconf 75' lang='lat' dir='ltr'><em>Ezechiae,</em></span> <span class='ocrx_word' id='word_1_545' title='bbox 586 5097 718 5195; x_wconf 73' lang='lat' dir='ltr'><em>Jafiae,</em></span> <span class='ocrx_word' id='word_1_546' title='bbox 746 5097 1017 5166; x_wconf 81' lang='lat' dir='ltr'><em>Maccahaeorum</em></span> <span class='ocrx_word' id='word_1_547' title='bbox 1031 5096 1068 5164; x_wconf 89' lang='lat' dir='ltr'><em>in</em></span> <span class='ocrx_word' id='word_1_548' title='bbox 1092 5093 1236 5190; x_wconf 76' lang='lat' dir='ltr'><em>accerst.</em></span> <span class='ocrx_word' id='word_1_549' title='bbox 1277 5085 1415 5163; x_wconf 83' lang='lat' dir='ltr'><em>rithmus</em></span> <span class='ocrx_word' id='word_1_550' title='bbox 1450 5106 1567 5159; x_wconf 88' lang='lat' dir='ltr'><em>contra</em></span> <span class='ocrx_word' id='word_1_551' title='bbox 1598 5085 1805 5158; x_wconf 88' lang='lat' dir='ltr'><em>Pharaonem</em></span> <span class='ocrx_word' id='word_1_552' title='bbox 1837 5088 1959 5162; x_wconf 87' lang='lat' dir='ltr'><em>Necho</em></span> <span class='ocrx_word' id='word_1_553' title='bbox 1992 5108 2142 5257; x_wconf 39' lang='lat' dir='ltr'><em>paq-nana</em></span> 
     </span>
    </p>
   </div>
   <div class='ocr_carea' id='block_1_14' title="bbox 351 5181 2145 5380">
    <p class='ocr_par' dir='ltr' id='par_1_15' title="bbox 351 5181 2145 5380">
     <span class='ocr_line' id='line_1_46' title="bbox 351 5181 2143 5359; baseline 0.032 -161"><span class='ocrx_word' id='word_1_554' title='bbox 351 5193 622 5292; x_wconf 61' lang='lat' dir='ltr'><em>·9fasplls¹⁰¹⁶&#39;”</em></span> <span class='ocrx_word' id='word_1_555' title='bbox 645 5192 859 5283; x_wconf 73' lang='lat' dir='ltr'><em>&amp;alliarias</em></span> <span class='ocrx_word' id='word_1_556' title='bbox 882 5191 1101 5286; x_wconf 64' lang='lat' dir='ltr'><em>constanciae,</em></span> <span class='ocrx_word' id='word_1_557' title='bbox 1131 5181 1239 5268; x_wconf 77' lang='lat' dir='ltr'><em>Theo·</em></span> <span class='ocrx_word' id='word_1_558' title='bbox 1277 5181 1404 5359; x_wconf 48' lang='lat' dir='ltr'><em>misi„</em></span> <span class='ocrx_word' id='word_1_559' title='bbox 1418 5183 1465 5257; x_wconf 79' lang='lat' dir='ltr'><em>etl</em></span> <span class='ocrx_word' id='word_1_560' title='bbox 1479 5190 1515 5257; x_wconf 88' lang='lat' dir='ltr'><em>itt</em></span> <span class='ocrx_word' id='word_1_561' title='bbox 1534 5182 1712 5283; x_wconf 83' lang='lat' dir='ltr'><em>Magiddo.</em></span> <span class='ocrx_word' id='word_1_562' title='bbox 1753 5183 1882 5285; x_wconf 61' lang='lat' dir='ltr'><em>alleg.</em></span> <span class='ocrx_word' id='word_1_563' title='bbox 1897 5187 2017 5261; x_wconf 82' lang='lat' dir='ltr'><em>xxm.</em></span> <span class='ocrx_word' id='word_1_564' title='bbox 2070 5208 2143 5352; x_wconf 63' lang='lat' dir='ltr'><em>enp-</em></span> 
     </span>
     <span class='ocr_line' id='line_1_47' title="bbox 361 5305 2145 5380; baseline -0.004 -21"><span class='ocrx_word' id='word_1_565' title='bbox 361 5313 364 5320; x_wconf 92' lang='lat'>·</span> <span class='ocrx_word' id='word_1_566' title='bbox 1404 5308 1423 5353; x_wconf 87' lang='lat' dir='ltr'><em>u</em></span> <span class='ocrx_word' id='word_1_567' title='bbox 1985 5345 1992 5352; x_wconf 94' lang='lat'>.</span> <span class='ocrx_word' id='word_1_568' title='bbox 2060 5305 2145 5380; x_wconf 87' lang='lat' dir='ltr'><em>poe</em></span> 
     </span>
    </p>
   </div>
   <div class='ocr_carea' id='block_1_15' title="bbox 0 0 2726 6225">
    <p class='ocr_par' dir='ltr' id='par_1_16' title="bbox 0 0 2726 6225">
     <span class='ocr_line' id='line_1_48' title="bbox 0 0 2726 6225; baseline 0 4"><span class='ocrx_word' id='word_1_569' title='bbox 0 0 2726 6225; x_wconf 95' lang='lat' dir='ltr'><em> </em></span> 
     </span>
    </p>
   </div>
  </div>
 </body>
</html>
