5442 6225
460 554 468 565 ·
611 539 683 620 tn
731 526 928 621 natta
976 474 1368 631 urutsrnntvn
1416 473 1946 631 rcctrsttsrtcttn
2107 566 2160 643 39

441 729 521 801 tebit
549 727 650 801 uxori
662 724 775 822 suat,
801 721 845 810 &
873 729 972 795 erunt
1001 720 1066 791 dcto
1087 719 1122 791 in
1149 738 1245 789 tarne
1291 710 1336 804 est
1360 708 1505 812 conscisio
1532 715 1568 784 in
1591 715 1685 784 damn
1713 717 1833 813 Adaet
1860 720 2024 810 paulatim
2045 725 2154 795 matti.

441 857 466 911 ³3
491 830 578 907 Gen.
592 827 637 900 li.
657 851 714 905 aa.
735 830 769 898 b(
793 847 849 906 24.
875 846 947 917 quae
965 819 1067 890 uerba
1084 843 1123 888 cx
1144 839 1241 914 pecu·
1282 816 1430 908 plicatur
1454 816 1548 885 ctiam
1568 816 1923 912 pioramgrnrratio,
1943 816 1988 897 &i
2005 810 2154 911 panim·

441 934 449 1002 i
469 934 504 1002 dt
524 949 646 996 arcano
661 926 801 1019 Spiritus
821 915 921 992 sancti
940 916 1145 989 inssiuiiuab
1161 913 1245 985 ada·
1286 914 1464 1012 erciefiosa,
1490 915 1526 983 in
1542 937 1608 1010 qua
1629 917 1735 988 Adam
1750 925 1905 1010 tanquam
1916 920 2077 1014 pontifex
2086 949 2153 1020 gu.

457 1024 587 1124 prolata
605 1018 723 1109 fuisse,
747 1019 800 1091 vel
818 1019 909 1115 quod
928 1015 1020 1090 idem
1046 1013 1115 1098 est,
1140 1010 1244 1110 Spiri·
1287 1014 1443 1085 bernobot
1462 1016 1572 1084 omnia
1592 1035 1658 1105 per
1682 1016 1814 1085 verbum
1833 1013 1880 1089 Et*
1894 1019 2007 1110 sanam
2027 1024 2152 1095 noem.

441 1122 613 1198 tsanbiunt
633 1144 693 1219 por
712 1119 879 1192 tuomum
898 1141 934 1189 ca
950 1109 1148 1212 protulisse,
1172 1135 1241 1182 oon
1288 1137 1389 1199 nam,
1413 1112 1472 1184 stoc
1494 1115 1571 1183 dicit
1587 1111 1704 1207 Moses
1723 1110 1843 1211 captffe
1856 1117 1925 1210 sub
1945 1121 2152 1196 nativitatem

441 1250 487 1297 tm
510 1247 551 1293 ex
570 1245 614 1293 co
638 1219 794 1315 adparet,
818 1215 909 1313 quod
931 1213 1076 1287 Adamus
1100 1211 1140 1281 ad
1159 1213 1243 1280 itua-
1267 1221 1394 1290 dnos,
1419 1213 1511 1310 cujus
1533 1232 1648 1283 nomen
1665 1213 1722 1309 rtst
1735 1213 1900 1312 fignificat
1916 1217 2045 1315 ingenti
2060 1225 2150 1294 cintia

441 1349 492 1396 ern
515 1323 581 1391 Dei
606 1311 1024 1422 conditussueritSpiritas
1043 1307 1142 1382 sanni
1160 1326 1244 1381 tem·
1284 1321 1365 1384 tune
1387 1306 1567 1411 oppreffam
1584 1307 1691 1408 fuiffe
1712 1313 1896 1410 erciefiam5
1924 1329 2030 1390 tamen
2058 1327 2153 1396 [itur
2285 1352 2291 1365 ,

441 1449 472 1494 ua
494 1440 591 1512 atquc
617 1440 808 1515 organum,
840 1410 896 1485 sed
919 1414 1115 1504 cumprimis
1141 1405 1242 1491 etiam
1285 1414 1489 1510 cumgratia
1509 1409 1556 1485 δ’
1569 1409 1790 1503 misericordia
1815 1416 1930 1488 iterum
1957 1421 2078 1505 crexit,
2106 1419 2152 1509 85

441 1516 662 1592 Matth.X1X.
685 1541 715 1597 5.
741 1513 798 1584 ubi
814 1512 914 1585 uerba
934 1508 1140 1608 posteriora:
1159 1531 1243 1598 pro·
1286 1509 1521 1582 addititiam
1542 1507 1791 1584 beneditionem
1804 1512 2036 1606 spirituatem,
2063 1531 2100 1589 ut
2114 1523 2153 1593 in

441 1644 493 1691 rac
514 1616 784 1713 retiuquetitomo
802 1611 872 1699 &c
901 1604 1021 1706 abipso
1035 1610 1114 1683 Deo
1132 1603 1242 1701 prola·
1282 1594 1374 1680 ierto
1403 1611 1471 1683 Ioco
1499 1612 1742 1698 convenirent,
1780 1617 1957 1700 docerent,
1993 1630 2152 1704 orarent,
2273 1677 2278 1684 .

441 1716 504 1789 etse
526 1717 706 1787 dicuntur.
775 1713 868 1782 Tota
905 1714 1007 1807 igitur
1039 1700 1240 1777 sacrosancta
1275 1707 1528 1805 sacrificarent,
1560 1713 1649 1806 quod
1672 1709 1807 1806 sortaffe
1827 1737 1888 1807 par
1919 1716 2069 1789 Cainnas
2092 1729 2153 1789 aut

441 1821 527 1887 tritas
543 1819 576 1884 in
594 1806 743 1909 paradiso
755 1809 975 1903 ministerium
989 1804 1241 1880 ccclesrassicutn
1282 1807 1482 1904 prohibitum
1500 1820 1559 1880 aut
1570 1811 1756 1902 impeditum
1771 1804 2064 1910 ltaiber'tursuerat.
2098 1817 2153 1888 Dc

441 1909 548 1986 boarit
583 1937 620 1982 ac
648 1905 879 1994 consecravit,
916 1907 950 1979 id
978 1903 1070 2004 quod
1099 1902 1241 2002 dignita·
1286 1904 1459 2000 Hunocho
1493 1904 1661 2003 peculiare
1685 1909 1753 1978 hoc
1785 1904 1958 1982 refert-ur:
1997 1915 2082 1990 Gen,
2109 1913 2153 1988 V.

441 2007 569 2106 titulus
584 2010 678 2080 ssatus
694 2034 763 2083 non
781 2006 997 2079 mediocriter
1011 1999 1238 2075 commendat.
1288 2004 1345 2076 uu.
1373 2030 1430 2087 24·
1454 2008 1542 2102 quoti
1564 2006 1781 2080 ambulaverit
1808 2031 1876 2079 eum
1899 2015 2074 2097 Domino,
2103 2011 2152 2087 ΕΤ
2247 2020 2284 2041 ·’

443 2112 522 2205 dpm
542 2111 684 2183 docendi
706 2128 812 2206 partes
832 2125 906 2176 ante
928 2105 1091 2177 diluvium
1109 2127 1146 2172 ac
1166 2095 1238 2198 posi
1285 2107 1382 2176 vivus
1403 2107 1447 2175 ad
1472 2105 1577 2181 Deum
1588 2104 1637 2204 fit
1653 2107 1849 2194 translatus,
1873 2132 1946 2204 quac
1969 2108 2152 2203 antiton-19

454 2208 481 2275 )
628 2205 792 2278 dilnvium
811 2203 928 2292 divina
957 2204 1116 2275 inundato
1131 2201 1242 2294 patri·
1285 2199 1426 2275 debebat
1448 2198 1512 2274 esse
1534 2207 1708 2298 exemplum
1727 2208 1965 2298 poenitentiae,
1993 2209 2037 2279 ob
2063 2208 2152 2282 testi·
2198 2251 2210 2260 a

441 2316 570 2386 riarrboe.
630 2301 1032 2378 arctaeadministrarunt.
1067 2303 1174 2372 Series
1186 2321 1242 2394 pa·
1285 2306 1440 2374 tnoniutn
1457 2299 1593 2373 evidens
1609 2300 1743 2374 alterius
1766 2307 1839 2374 vitat
1862 2312 1896 2377 bt
1915 2303 2032 2399 judicii
2060 2303 2152 2380 secu·
2279 2324 2299 2335 ·“

626 2397 1240 2479 triarcharutnantediluviurnossen·
1285 2400 1697 2491 turi;Sir.XLiV.16.
1735 2401 1837 2569 (ἧιιοό
1865 2408 1975 2474 aute'm
2002 2429 2071 2476 non
2099 2400 2151 2478 so·
2221 2481 2224 2486 ,

441 2529 468 2577 tr
484 2501 603 2578 Genus.
613 2507 654 2575 V.
707 2509 830 2591 Adam,
846 2502 940 2591 Seii,
958 2505 1070 2582 linas,
1085 2509 1240 2583 Kenaan,
1285 2499 1357 2570 lum
1378 2503 1453 2570 vita
1469 2495 1636 2572 sanctitate
1654 2506 1688 2573 dt
1706 2501 1775 2597 pub
1792 2506 1840 2571 ica
1851 2496 1898 2571 sui
1915 2503 2149 2595 translatione,

441 2605 571 2693 italrei,
611 2605 753 2699 Jarrti,
792 2603 930 2676 Henotst
947 2655 958 2691 ,
992 2597 1241 2696 Mutbvsaiem‚
1284 2593 1340 2670 sed
1374 2603 1473 2670 etiam
1496 2598 1714 2671 concionibus
1737 2601 1893 2672 homines
1916 2596 1964 2671 sni
1989 2606 2150 2699 temporis

441 2707 533 2781 orci,
555 2706 683 2789 Nomi,
701 2708 757 2800 qui
773 2726 903 2782 omncs,
923 2701 1067 2772 Naacho
1081 2711 1243 2797 excepto,
1289 2698 1329 2767 ad
1348 2701 1798 2795 poenitantiam&pietatctu
1818 2696 1920 2770 suerit
1940 2705 2149 2792 cohortatus,
2271 2750 2275 2755 -

441 2791 1238 2971 tuntcsrv'pxppvamatqueatigusiiffimutnquud·
1284 2795 1384 2867 docet
1405 2796 1653 2893 epistolaJttdae
1678 2823 1710 2872 v.
1737 2826 1792 2887 ¹4·
1844 2800 2060 2892 Propinavit
2089 2829 2153 2874 au.

441 2910 510 2974 a&
542 2905 627 2972 antii

448 2999 579 3071 Admau
598 3001 741 3071 dubitari
759 3004 895 3099 nequit,
923 3003 1002 3095 quin
1029 2997 1259 3091 siliitacpo··
1285 3001 1369 3068 Erre
1395 3001 1677 3089 urnitDomiaus
1705 2997 1743 3066 in
1762 2997 1890 3093 sitviiir
1916 2996 2055 3070 millibus
2069 3002 2149 3096 suis
2184 3079 2201 3093 ,.

442 3103 467 3169 ia
493 3096 555 3170 suis
584 3095 838 3196 prorniss'tonetn
867 3095 1093 3191 evangelicam
1119 3092 1161 3163 de
1188 3088 1238 3171 [ες
1277 3096 1397 3192 facere
1422 3098 1586 3199 judiciam
1615 3111 1729 3169 contra
1759 3121 1890 3177 ornnes,
1933 3096 1976 3183 Εῇ
2009 3124 2150 3196 arguere

441 3224 469 3268 tc
491 3199 640 3268 mulieris
658 3192 854 3282 tradiderit3
881 3194 914 3263 id
935 3199 1026 3265 enim
1052 3192 1169 3288 probat
1194 3194 1238 3260 ri·
1284 3199 1514 3291 ornnesimpios
1536 3204 1576 3269 de
1596 3200 1744 3270 omnibus
1764 3196 2012 3293 operibussuae
2035 3202 2149 3294 impie·

452 3294 718 3375 sacrificiorum,
747 3315 819 3385 quac
841 3288 977 3361 suerunt
1003 3295 1073 3387 typi
1093 3292 1181 3359 unici
1201 3287 1239 3358 il·
1269 3298 1360 3367 *tntis
1378 3294 1450 3368 &u
1501 3296 1676 3368 Ccdrcnuo
1693 3292 1734 3365 de
1752 3297 1813 3368 ilio
1834 3296 1933 3365 dicit:
1960 3283 2045 3378 tiroc'
2063 3295 2068 3378 j
2086 3297 2150 3370 'ti-

454 3391 642 3464 sacriflciia
664 3388 781 3462 Masta
804 3396 838 3461 in
859 3413 913 3459 ara
932 3392 1039 3461 crucia
1058 3384 1238 3475 offerendi,
1282 3394 1564 3493 aogypoipupm
1582 3379 1780 3489 μῶθάνω,
1812 3388 1872 3466 καὶ
1891 3323 2151 3470 insulanensi&

656 2924 761 2972 nuum
782 2901 963 2999 collegiuin
989 2897 1242 2972 constituerunt.
1282 2907 1342 2969 tem
1363 2897 1476 2970 deltis
1487 2897 1650 2993 septimus
1677 2895 1848 2973 ab-Adam
1870 2900 1975 2989 Enoch
1982 2954 1993 2988 ,
2018 2903 2171 2974 dicensz*
2296 2948 2297 2953 κ

442 3520 477 3565 tn
493 3500 595 3563 ritum
615 3491 760 3561 Adamnt
775 3489 815 3560 ab
840 3483 912 3586 ipio
932 3487 1010 3558 Deo
1030 3490 1071 3559 cx
1093 3485 1240 3557 maiiatia
1283 3489 1384 3567 θύων
1415 3487 1583 3594 pompina
1609 3481 1864 3593 dnoconddcot
1891 3487 2041 3586 α’ξιὲται.
2094 3496 2151 3567 Do
2281 3535 2284 3540 ,

441 3596 494 3663 bus
516 3593 651 3675 didicit,
677 3595 709 3661 dt
733 3587 810 3661 filiis
827 3581 890 3658 suis
907 3587 1017 3657 Caino
1032 3606 1129 3682 atque
1155 3583 1241 3656 Alte·
1285 3590 1432 3663 Noacha
1460 3592 1574 3664 eadent
1597 3592 1720 3690 phrafis
1746 3590 1939 3689 usurpatur,
1966 3595 2054 3689 'qteod
2078 3618 2151 3667 eum

444 3690 636 3761 ositnodnut
662 3688 809 3762 tradidit.
857 3682 910 3758 De
935 3686 1040 3757 Setho
1060 3682 1160 3756 tradit
1182 3681 1241 3781 Jo·
1284 3699 1355 3764 Deo
1373 3693 1587 3763 ambulaverit
1610 3694 1695 3761 Gen.
1720 3693 1777 3766 vt.
1801 3720 1832 3774 9.
1859 3689 1911 3761 vel
1941 3699 1976 3762 u't
1998 3693 2151 3776 hebrraua

441 3796 495 3860 bus
512 3790 568 3860 lib.
587 3791 611 3861 t.
633 3792 734 3881 antiq.
756 3812 785 3860 c.
807 3813 836 3867 3·
855 3782 1241 3884 quodſsdrrasemseien·
1282 3804 1388 3858 textus
1407 3792 1593 3881 emphatice
1617 3789 1783 3885 loquitur:
1801 3792 1889 3888 serit
1899 3786 1941 3884 sr
1964 3795 2152 3883 ambulare,

441 3914 509 3962 tac
526 3887 689 3978 antestium
706 3911 813 3957 rerum
838 3890 1055 3985 cognitionem
1076 3889 1241 3981 excogita·
1286 3888 1354 3957 hoc
1375 3888 1439 3971 esi,
1467 3881 1581 3957 scitari
1609 3893 1643 3959 dt
1668 3887 1789 3960 imitari
1820 3888 1923 3982 ipsum
1953 3895 2150 3982 Dominum,

441 3991 480 4075 it,
508 3990 585 4057 huic
609 3984 717 4055 studio
740 3984 967 4055 astronomica
991 3980 1108 4081 procul
1137 3983 1241 4054 dubio
1290 3982 1502 4076 qniascilicet
1523 3987 1729 4057 voluntatem
1751 3986 1817 4059 Dei
1837 3992 1873 4058 iu
1895 3985 1999 4058 verbo
2019 3988 2150 4088 expres·
2171 4019 2187 4074 ἡ

444 4088 552 4178 juttxit
575 4088 673 4156 etiam
703 4083 846 4155 studium
863 4083 1025 4154 dodirinae
1044 4082 1182 4156 colestia
1200 4079 1241 4151 ad
1283 4078 1350 4155 sant
1373 4082 1428 4154 fibi
1447 4088 1541 4155 unice
1555 4105 1711 4180 tanquam
1730 4081 1854 4171 jusiitiae
1871 4092 1904 4159 dt
1926 4081 2035 4157 solans
2053 4080 2173 4163 uiant„

442 4207 514 4254 otrs
545 4210 582 4255 ac
609 4182 757 4278 posieros
784 4184 1019 4280 propagandae.
1067 4179 1243 4254 Cedrenua
1282 4178 1484 4281 proposuit,
1519 4209 1581 4255 nac
1600 4182 1641 4253 ad
1662 4181 1817 4254 dextram
1846 4209 1907 4256 nec
1925 4184 1965 4254 ad
1987 4171 2152 4261 iittisirnm
2294 4261 2299 4270 ,

442 4283 654 4367 maduerat,
679 4280 770 4375 quad
795 4281 901 4377 instar
923 4282 1030 4381 Mtofir
1040 4282 1162 4378 faeiem
1184 4304 1241 4352 ru·
1283 4282 1324 4353 ab
1344 4307 1383 4352 ea
1398 4279 1595 4370 deflectens,
1623 4279 1843 4378 eamdemque
1868 4284 1938 4357 asiis
1963 4280 2149 4380 proposuit.

441 4396 516 4455 utrm
542 4393 558 4450 t
586 4375 746 4474 colloquio
774 4385 839 4454 Dei
863 4382 1044 4462 retulerit:
1076 4378 1168 4473 quod
1202 4383 1240 4450 in
1281 4380 1356 4451 Nec
1380 4377 1779 4475 dttbium-tffecuiquatn
1801 4381 1925 4473 putcss,
1949 4408 2026 4454 cunt
2054 4384 2151 4457 Noa.

441 4483 482 4576 ast
506 4484 547 4551 ab
568 4482 685 4578 angeio
709 4491 882 4551 venturam
908 4483 1067 4552 diluvium
1088 4481 1256 4552 didicerit,
1284 4481 1484 4551 clturarcaut
1499 4481 1561 4549 Dei
1576 4477 1733 4550 ntandato
1744 4478 1955 4564 exstruxerit,
1976 4488 2055 4575 quin
2071 4509 2152 4556 can·

444 4632 454 4657 .
489 4581 557 4650 ‘Dc
585 4582 677 4650 unos
707 4575 827 4648 diserte
855 4576 988 4649 testatur
1015 4573 1130 4647 Mosei
1154 4580 1243 4650 Gan.
1282 4574 1349 4647 sant
1366 4577 1463 4670 huius
1485 4579 1654 4662 stntiinrae
1668 4575 1875 4675 exposuerit,
1901 4602 1938 4648 ac
1958 4578 1999 4649 de
2017 4580 2150 4668 diluvio
2208 4585 2213 4592 “

453 4693 509 4751 26.
532 4678 623 4774 quod
651 4681 719 4764 rjus
745 4694 899 4770 tempore
924 4691 1057 4770 captum
1074 4676 1123 4774 stt
1144 4678 1240 4747 ittvo·
1283 4700 1421 4772 propter
1444 4699 1573 4771 peccata
1590 4677 1804 4748 immittendo
1820 4679 2009 4747 vaticinatur
2024 4675 2148 4772 suerit,

441 4785 577 4851 inumeri
600 4776 757 4859 Domini,
783 4781 859 4871 qnia
876 4771 997 4846 scilicet
1019 4772 1240 4845 ministerium
1284 4778 1372 4844 unde
1400 4777 1510 4848 Petrus
1531 4771 1636 4872 ipsutn
1660 4762 1758 4849 vocat
1774 4776 1903 4875 κήρυκα
1925 4762 2147 4868 domenacione,

442 4876 520 4949 endi
541 4880 573 4944 in
596 4871 731 4945 erciofia
753 4897 813 4967 per
836 4876 934 4947 Caini
952 4871 1175 4945 fratricidium
1189 4871 1256 4952 dt„
1278 4874 1429 4971 justitior
1445 4883 1722 4968 praeconemsi]
1737 4873 1828 4969 epist.
1847 4876 1886 4943 li.
1912 4900 1941 4956 ς.
1971 4882 2045 4971 qui-a
2064 4871 2152 4949 scili.
2165 4932 2179 4945 .

441 4972 481 5046 sa
503 4974 711 5060 instauravit,
739 4996 777 5042 ac
799 4973 914 5044 divino
935 4971 1091 5045 mandato
1111 4975 1237 5066 primus
1282 4991 1335 5043 cet
1351 4973 1497 5068 justitior
1508 4979 1673 5070 perfidem
1687 4973 1870 5066 constitutus
1883 4974 2011 5048 barret,
2039 4975 2147 5054 Hebr.

441 5078 533 5147 inuit.
584 5072 843 5170 Itanamquein
866 5071 967 5143 verba
989 5071 1240 5146 iliacomnten·
1282 5070 1339 5143 XI.
1358 5089 1393 5155 γ’.
1424 5078 1576 5147 rantdcm
1596 5074 1677 5145 fidei
1693 5075 1846 5165 justitiam
1861 5073 2068 5145 auditoribus
2083 5069 2154 5148 suit

443 5200 462 5250 r
488 5174 522 5248 b.
540 5170 732 5271 botherus:
764 5173 941 5274 Postquam
955 5193 1021 5273 ptr
1041 5171 1129 5249 Cain
1141 5164 1246 5287 sabic-
1280 5166 1472 5270 sucuicatit.
1523 5171 1599 5250 Posi
1612 5169 1776 5274 diluvium
1791 5173 1967 5276 aiioarhu
1984 5168 2149 5346 usqtppyad
