5442 6225
493 541 541 625 53
748 526 1053 609 Locixxtti.
1103 526 1304 619 car.xi.
1353 518 1426 593 uu
1471 518 1647 597 noris
1677 498 2000 600 'uectusrar
2076 540 2079 545 ·

492 718 615 793 deinde
627 718 737 806 addit,
762 719 916 820 majorem
930 729 1059 813 partem
1085 713 1214 793 illorum
1235 714 1356 790 notio·
1399 708 1540 809 aposloli
1564 710 1805 811 predicatum,
1838 715 1932 816 quod
1960 716 2155 818 exscriptis
2183 720 2272 823 ipso·

491 817 905 916 rumsaiffieltrisliaaam.
958 823 1058 916 Atqui
1075 820 1144 890 hoc
1161 810 1353 888 nobiisnffi·
1400 834 1476 882 rum
1489 809 1717 887 detnonslrare
1733 820 1837 912 parati
1855 814 1977 889 sumus.
2026 825 2177 896 sicando
2192 822 2270 895 loeo

368 932 375 943 ‘
490 923 556 996 cit,
580 916 673 1013 quod
700 921 805 989 Gothi
833 919 874 989 ab
897 920 1026 987 Arianis
1052 912 1179 987 fuerint
1205 915 1335 1010 decepti
1347 961 1359 999 ‚¹
1398 930 1570 982 enumerat
1601 910 1821 985 Bellarminus
1845 920 2066 1017 conversasset
2096 924 2269 1019 gentilitati

492 1041 534 1087 ex
559 1038 602 1088 eo
626 1021 717 1088 enini
742 1016 868 1088 conslat
889 1039 958 1086 non
986 1039 1125 1086 omnem
1153 1012 1356 1112 religionem
1388 1008 1506 1101 fossas
1517 1013 1638 1106 sectilis
1650 1009 1881 1104 posterioribus
1893 1040 1956 1110 per
1973 1020 2191 1116 Gregorium,
2209 1026 2268 1096 tri·

493 1108 685 1187 efferatam
705 1121 738 1187 dt
762 1120 1008 1211 incorruptam,
1034 1112 1073 1184 ad
1097 1137 1198 1207 quam
1217 1108 1358 1208 gentiles
1386 1110 1542 1195 'sianum
1577 1113 1808 1207 Bonifatium,
1846 1118 2075 1205 Adtsbertuni,
2117 1122 2269 1195 Virtam·

493 1231 743 1285 cotivertuntur.
794 1214 867 1285 Nee
882 1214 1017 1310 probari
1037 1210 1141 1307 potesl
1157 1236 1199 1282 cit
1222 1208 1358 1279 hisloria
1398 1212 1498 1295 tium,
1524 1207 1598 1285 &a
1635 1207 1733 1307 Resp.
1757 1212 1990 1285 conversiones
2007 1215 2092 1304 illa,
2112 1216 2268 1316 quaeposl

492 1309 726 1397 ecclesiastica,
750 1312 1054 1411 majorelnparttm
1076 1311 1273 1381 Gothorum
1294 1312 1358 1397 jani
1398 1303 1530 1379 sextum
1551 1306 1694 1379 ecclesiae
1717 1304 1865 1381 seculum
1886 1310 1983 1384 faslae
2003 1310 2096 1398 sunt,
2122 1322 2267 1389 omniuo

417 1458 423 1469 ·
490 1428 566 1480 unte
583 1405 679 1482 fuisse
696 1409 925 1494 chrislianam,
951 1410 1199 1481 cumaSocrate
1217 1405 1358 1477 libr.lV.
1398 1404 1635 1503 distinguendae
1657 1402 1730 1477 sunt
1752 1406 1891 1497 abillis,
1920 1435 1992 1509 quae
2013 1409 2109 1483 fatie
2131 1412 2268 1487 fuerunt

491 1531 522 1581 c.
534 1533 590 1593 27.
616 1515 650 1582 ἀ
665 1510 862 1581 Sozomeno
877 1509 933 1582 lib.
950 1511 1007 1581 Vl.-
1021 1532 1091 1601 cap.
1105 1533 1160 1593 37,
1176 1524 1249 1576 ante
1267 1504 1358 1574 illam
1398 1528 1458 1599 per
1474 1504 1641 1600 aposlolus
1657 1511 1691 1578 tit
1704 1510 1794 1577 viros
1810 1509 2009 1602 aposlolicos
2028 1512 2199 1607 prioribus
2211 1537 2266 1599 ec·

490 1606 745 1679 conversionem
764 1609 914 1678 dicantur
937 1610 1088 1691 barbari,
1119 1614 1151 1679 dt
1169 1602 1246 1674 belli
1264 1627 1357 1673 occa·
1398 1601 1502 1672 cleliac
1526 1600 1651 1675 seculis.
1703 1605 1804 1674 Tunc
1820 1612 1911 1676 euim
1928 1606 2083 1681 videlicet
2100 1610 2175 1707 posi
2194 1608 2265 1683 sex·

488 1700 582 1777 sloue
598 1700 855 1777 chrislianorum
869 1706 1020 1777 doslrina
1034 1711 1080 1776 eis
1093 1711 1242 1798 primum
1261 1708 1357 1771 iuno·
1397 1719 1467 1769 tum
1486 1698 1629 1770 ecclesias
1644 1694 1792 1771 seculum
1814 1703 2003 1775 labesasiari
2023 1716 2123 1802 coepit
2140 1712 2264 1781 ‹sociii-

485 1805 596 1875 tuerit.
646 1805 805 1874 Praeterea
830 1807 1025 1903 ecelesiarum
1053 1809 1253 1877 Graecarum
1277 1824 1356 1869 con·
1397 1805 1599 1893 rapuistis,
1630 1798 1911 1895 superstitionibus
1932 1805 2273 1903 paulatini-irrepta,

484 1895 663 1973 sessionem
677 1901 773 1973 multi
786 1928 826 1974 ex
838 1900 1107 1976 lliluhamedilmo
1117 1910 1151 1975 dt
1164 1895 1354 1998 gentilisino
1395 1897 1480 1967 tibus
1496 1904 1529 1968 dt
1548 1895 1720 1967 fermento
1735 1901 1951 1972 traditionum
1964 1905 2187 1976 humanarum
2203 1908 2264 1977 do·

485 1997 571 2069 olim
588 2020 804 2096 receperunt,
832 2027 940 2099 neque
960 2023 1070 2073 tamen
1088 1998 1253 2098 pontificii
1272 2022 1353 2067 con·
1395 1995 1508 2063 sirinae
1537 1995 1724 2090 aposlolicac
1750 1998 1914 2069 adndxto.
1980 2002 2118 2075 iuterim
2149 2026 2264 2075 tamen

477 2094 1034 2175 cedunt,eatuelsecatholicam.
1087 2105 1135 2187 4)
1161 2091 1350 2191 Deniqutst
1394 2095 2262 2193 quiapotnitDensetiampercorrnptumminisle·

484 2190 628 2265 efficacia
647 2195 808 2267 dudlrinae
822 2198 867 2269 'esl
889 2220 968 2270 nota
991 2197 1152 2281 ecclesias,
1180 2197 1271 2267 slaliit
1290 2217 1349 2261 nn·
1393 2195 1481 2261 rium
1497 2191 1582 2260 filios
1598 2200 1629 2262 dt
1644 2192 1726 2260 silias
1746 2191 1926 2287 spirituales
1944 2196 2000 2265 libi
2015 2202 2211 2294 generare,¹
2223 2226 2261 2271 ac

480 2290 545 2363 slra
558 2290 738 2383 sententia,
767 2294 858 2391 quod
882 2322 958 2368 vera
980 2297 1133 2369 doslrina
1149 2294 1352 2390 propheticis
1394 2294 1638 2384 quiattmpnrt·
1648 2293 1818 2377 Gregorii,
1838 2294 1983 2371 Kiliaui,
2003 2296 2261 2369 Bonisaciinon-

479 2395 515 2465 ἂ
538 2392 726 2486 aposlolicis
742 2392 833 2463 libris
854 2394 1041 2466 conformis
1055 2393 1091 2465 fit
1106 2414 1182 2463 nota
1197 2387 1351 2475 ecclesiia,
1393 2396 1473 2457 dnm
1497 2389 1559 2456 snit
1582 2410 1667 2457 tanta
1688 2390 1848 2459 dodlrinac
1870 2401 2185 2489 corruptio,quanta
2199 2421 2261 2493 po-

476 2484 639 2584 siquidem
649 2489 699 2559 de
719 2486 863 2562 efficacia
880 2494 935 2563 illa
957 2495 1119 2563 doetrinae
1139 2490 1349 2582 judicandum
1392 2487 1519 2557 slreniis
1541 2489 1746 2579 temporibus
1771 2483 1944 2558 consecuta
1973 2493 2038 2569 esl,
2079 2494 2159 2564 ideo
2177 2520 2260 2565 con-

478 2587 524 2667 esl
543 2612 583 2657 tx
602 2584 768 2684 scripturis
791 2586 905 2679 sacris,
933 2616 1009 2661 cuin
1028 2616 1096 2661 non
1114 2595 1223 2659 onmis
1241 2585 1349 2655 effita-
1390 2590 1497 2653 versio
1514 2585 1568 2654 illa
1582 2585 1758 2679 gentilium
1775 2611 1845 2655 nnn
1862 2586 1978 2659 desinit
1996 2585 2061 2661 esl'e
2080 2618 2163 2688 opus
2177 2592 2261 2663 divi-

477 2687 528 2754 eia
549 2708 663 2783 arguat
682 2687 843 2757 doslrinae
867 2696 1039 2759 ueritatem
1058 2696 1092 2761 tit
1116 2687 1348 2770 sinceritatem,
1389 2708 1440 2751 nae
1459 2683 1686 2778 benignitatis,
1714 2711 1750 2753 ae
1767 2688 1945 2777 pretiosam
1961 2715 1979 2758 a
1995 2694 2052 2762 uili
2067 2687 2200 2787 semper
2214 2690 2261 2761 est

435 2814 439 2823 ·
476 2781 538 2853 nist
558 2783 885 2856 vitaritsacnltatem
910 2784 1054 2887 salutaris
1079 2789 1118 2856 ad
1137 2788 1247 2854 Deum
1268 2809 1349 2852 cnn.
1387 2776 1612 2873 separaudtuu.
1666 2785 1913 2889 lneoquoque
1935 2780 2259 2861 corruerl'tones‘lllae

476 2880 638 2953 versionis
662 2883 778 2953 habeat
801 2874 1038 2977 conjundla‘m,
1072 2883 1150 2954 alias
1170 2887 1260 2951 enini
1284 2882 1347 2950 erit
1387 2878 1623 2973 pollutioribns
1640 2873 1755 2950 seculis
1775 2879 2064 2978 iadaeuiscrepant
2080 2914 2097 2957 a
2114 2912 2260 2959 conver·

475 2987 587 3075 potius
601 2970 741 3079 {rippam
759 2978 817 3065 erig
833 2977 987 3073 πλάνης,
1013 3009 1114 3083 qnam
1133 2977 1270 3079 {rippam
1287 2978 1346 3062 ‘rsit
1386 2974 1532 3047 sionibus
1549 2980 1607 3071 per
1623 2977 1834 3069 aposlolus&
1850 2981 2050 3073 aposlolicos
2063 2991 2152 3056 viros
2166 2992 2260 3082 prio·

473 3075 567 3167 ,94ης
585 3076 751 3165 ἀληθείας,
1388 3076 1477 3145 ribus
1502 3072 1615 3145 seculis
1636 3073 1754 3160 l'nt‘ias,
1782 3082 1872 3172 quod
1895 3088 2004 3174 potins
2030 3102 2121 3156 metu
2141 3109 2260 3157 armo-

834 3183 859 3210 *
1388 3199 1464 3244 rum
1481 3200 1516 3244 ae
1532 3174 1689 3245 uiolentia
1709 3173 1800 3260 belli,
1818 3178 2070 3272 quamcfficacia
2093 3184 2260 3256 dauriae

472 3273 658 3338 Andoiirina
777 3276 986 3366 sectili.
1011 3275 1207 3348 Membrnm
1222 3272 1340 3366 situn-
1386 3271 1513 3344 suerint
1535 3271 1645 3345 fassa.
1710 3271 1899 3348 Bonifatius
1933 3286 2023 3351 eoiut
2051 3282 2259 3379 Thuringos

473 3351 602 3414 R⁰''¹‘¹'¹‘²'
619 3376 666 3452 (θ’,
724 3383 809 3453 tium.
861 3379 951 3445 Nnni
988 3375 1140 3446 dotlrina
1182 3373 1342 3442 Romanae
1387 3390 1518 3442 terrore
1549 3396 1721 3442 armorum
1750 3380 1932 3461 convertit,
1966 3398 2001 3449 ut
2024 3403 2064 3448 ex
2090 3384 2257 3454 clirouieo

472 3432 671 3572 ‘l‘fiffffiff‘
722 3473 864 3545 ecclesio
887 3469 1060 3544 salutarem
1086 3473 1177 3544 islani
1201 3495 1339 3540 torruer—
1388 3467 1565 3541 lsenacenfi
1595 3492 1882 3544 commemoratur
1912 3494 1997 3550 cent.
2020 3477 2110 3550 Vlll.
2137 3471 2256 3552 eccles.

392 3651 398 3662 ,
504 3631 506 3638 .
591 3559 597 3571 ⁸
724 3569 1022 3643 lionisefficaciam
1047 3573 1257 3656 conlaudant
1284 3573 1341 3639 lia·
1389 3570 1459 3639 hill.
1474 3594 1612 3664 capio.
1666 3571 1810 3641 Carolus
1834 3597 1972 3669 magnus
1997 3574 2133 3648 funeslit
2157 3577 2257 3649 bellis

375 3671 385 3686 ”
473 3665 583 3741 litat?
623 3668 841 3744 licllntminus
878 3673 1043 3764 triplicem
1083 3669 1339 3740 conversionem
1388 3668 1532 3736 Saxones
1564 3668 1603 3735 ad
1623 3666 1726 3738 sidem
1749 3669 1957 3741 christianam
1979 3679 2157 3767 pertraxit,
2188 3681 2255 3749 dte.

471 3768 649 3862 gentilium
667 3765 796 3852 aufert,
819 3770 860 3839 de
880 3793 941 3862 qua
957 3766 1105 3839 dillinsle
1119 3774 1339 3863 pronuncian-
1388 3765 1546 3835 Praeterea
1563 3767 1767 3861 pertimidus,
1794 3791 1871 3858 quas
1889 3794 1948 3865 per
1962 3773 2181 3871 Gregoriuun
2193 3775 2257 3845 lio·

438 3864 566 3941 ,dnm
621 3871 726 3938 Primo
760 3871 836 3938 loco
861 3871 955 3961 punit
979 3869 1210 3964 tuisverſsunain
1231 3868 1338 3960 gviiii·
1389 3861 1646 3948 disseminate,
1662 3865 1704 3934 ad
1718 3863 1887 3936 ecclesiam
1904 3869 2090 3940 Romanam
2107 3896 2255 3944 couver-

470 3964 552 4034 siam
574 3989 633 4056 per
658 3967 818 4061 apostolos
837 3965 983 4062 findam,
1018 3990 1117 4063 quam
1143 3957 1339 4062 duguslinus
1388 3956 1434 4031 sas
1463 3957 1526 4031 etl'e
1549 3961 1765 4032 llellarminus
1790 3959 1929 4053 adserit,
1967 3973 2131 4059 jamenta
2160 3989 2256 4042 eraut

471 4059 548 4132 libr.
562 4065 662 4136 xxti.
682 4069 723 4135 de
740 4072 870 4136 civitate
885 4065 948 4134 Dei
968 4089 1038 4160 cap.
1058 4089 1087 4146 ς.
1109 4068 1231 4135 merito
1253 4067 1339 4133 inter
1388 4061 1580 4132 clirislianae.
1632 4063 1686 4132 De
1702 4062 1866 4131 Britannia
1881 4066 2011 4136 tollatur
2033 4066 2152 4161 Polyd.
2173 4070 2254 4140 Vir·

469 4164 626 4233 miracula
648 4167 810 4260 praecipua
835 4181 1007 4245 numerat,
1040 4184 1132 4233 etant
1151 4169 1240 4232 enim
1259 4186 1340 4257 apo·
1387 4155 1485 4251 gilius
1502 4159 1560 4232 lib.
1572 4162 1594 4229 l.
1619 4159 1661 4227 dc
1678 4183 1743 4231 rer.
1763 4162 1886 4231 inueni.
1904 4173 1974 4259 cap.
1998 4193 2026 4238 ι.
2042 4167 2133 4262 quud
2150 4161 2253 4260 opera

468 4258 546 4334 sloli
562 4287 704 4332 numero
728 4266 841 4357 pauci,
869 4283 1001 4331 externa
1028 4255 1135 4353 specie
1157 4264 1337 4345 conterriti,
1384 4258 1535 4354 Jofepii'
1556 4260 2015 4355 Arsinsneiistsprovlncsaram
2031 4270 2254 4359 omniumprt‘·

467 4358 794 4455 liuinanaepotentiae
820 4367 853 4433 dt
879 4360 1077 4453 eloquentiis
1098 4356 1336 4430 viribusdesli·
1384 4381 1435 4426 nia
1468 4359 1669 4453 evangilium
1702 4361 1829 4449 publice
1858 4368 2053 4455 receperit.-
2081 4361 2251 4438 Gilfridns

468 4462 529 4526 tuti
547 4515 556 4542 ,
589 4483 627 4528 ac
651 4459 869 4531 nihilominus
893 4479 1002 4529 totum
1024 4479 1187 4528 terrarum
1215 4455 1333 4528 orbem
1382 4451 1441 4530 lib.
1459 4455 1554 4527 Vlll.
1569 4451 1612 4525 de
1624 4453 1720 4552 gellis
1733 4456 1878 4529 Britann.
1894 4457 2016 4547 refert,
2038 4464 2159 4556 inipso
2173 4477 2252 4536 ieri·

466 4558 702 4650 predicatione
722 4558 885 4653 evangelii
906 4556 945 4627 ad
962 4553 1132 4628 Chrislnm
1161 4577 1335 4627 converte·
1378 4576 1479 4646 port,
1505 4579 1569 4647 qao
1583 4554 1786 4652 Augustinus
1797 4559 1971 4631 manassias
1984 4563 2021 4630 in
2037 4563 2250 4636 Britannicis

465 4673 554 4728 runt.
605 4656 671 4726 Sed
691 4660 772 4751 quid
803 4660 874 4727 haec
899 4651 1073 4724 conversio
1098 4654 1274 4749 gentilium
1291 4653 1332 4725 ad
1381 4648 1542 4748 titiiffmtss
1561 4679 1582 4724 rt
1602 4658 1783 4750 Gregorio,
1808 4656 2075 4752 christianismum
2090 4667 2126 4735 ui
2151 4659 2249 4758 stifft,

464 4749 637 4825 ecclesiani
647 4756 833 4828 Romanam
852 4752 1054 4826 hodiernam
1066 4755 1211 4825 adtinet?
1237 4753 1333 4825 Fasla
1379 4773 1448 4821 tunt
1460 4756 1597 4847 fuerim
1616 4754 1650 4824 in
1676 4751 1848 4846 insipient
1872 4762 2077 4851 episcopatur
2096 4689 2149 4851 is
2165 4785 2270 4840 eruat.

464 4851 509 4920 esl
528 4850 583 4920 illa
600 4877 660 4950 per
673 4854 985 4949 praedicationem&
1001 4851 1188 4926 dotlrinam
1204 4853 1333 4949 apollo·
1379 4851 1686 4946 artliepiscopuius,
1737 4854 1791 4921 Sic
1809 4878 1868 4949 per
1894 4857 2063 4946 llilianum
2089 4861 2246 4946 Ftancot,

464 4945 596 5036 lorum,
633 4975 735 5050 aqua
764 4949 897 5025 ecclesia
930 4951 1081 5022 Romana
1115 4951 1278 5022 hodierna
1295 4956 1331 5022 in
1403 4973 1439 5021 er
1454 4947 1663 5021 Bonifatium
1687 4947 1890 5046 Thuringos
1910 4953 1950 5024 atl
1982 4954 2084 5026 sidem
2106 4983 2246 5032 conuer-

425 5120 427 5123 ,
462 5047 576 5118 multis
592 5072 627 5118 ac
641 5058 811 5146 praecipuis
826 5050 1020 5146 quibasdam
1040 5044 1329 5148 capitibusdisees·
1376 4971 1429 5118 sus
1450 5043 1533 5134 eslc,
1559 5049 1776 5122 Bellartninns
1802 5046 1940 5136 adserit,
1966 5048 2020 5123 sed
2038 5063 2247 5129 Germanica·

458 5141 510 5219 stt.
558 5146 679 5221 Nuslra
701 5173 782 5224 aero
800 5151 952 5225 doctriua
975 5148 1021 5221 eil
1037 5152 1095 5223 illa
1118 5146 1205 5248 ipsa,
1227 5172 1331 5250 quani
1374 5169 1448 5221 rum
1468 5150 1659 5248 estimarunt
1681 5150 1837 5248 meminit
1862 5149 2144 5253 Tertullianus&
2172 5181 2255 5249 attare¹

2146 5257 2246 5332 illum
