5442 6225
892 527 1797 632 enecarentrossrurnurtnt„
2114 571 2188 654 183

446 742 578 846 peribur
606 733 773 810 hodierna
813 728 965 802 Romana
1001 728 1117 804 eclesia
1153 726 1286 801 darnnat
1317 725 1701 829 grumnaiiranse'cnta,
1717 725 1895 819 iustificate
1916 742 2055 829 exponit
2068 737 2187 836 iesura-

446 849 515 923 rin
539 829 748 911 confessores
773 834 840 921 ejus
858 835 938 927 igne
962 854 1001 901 ac
1025 828 1139 933 gladio
1168 826 1288 900 debac-
1319 828 1421 906 dendo
1431 817 1733 932 justitiaelrrlitun
1748 829 1872 926 justqm
1883 837 2012 925 jum,
2061 833 2185 923 quqffi,
2234 823 2239 830 '

446 949 571 1020 mutor.
597 933 750 1006 Verbum
764 928 968 1028 justificandi
985 927 1151 1026 aposlolus
1163 924 1206 998 suc
1223 951 1286 999 ea·
1318 932 1489 1004 curionem
1501 928 1670 1004 constituit
1685 925 1896 1025 aposloluaiu
1907 928 2185 1031 terniffionepee..

446 1045 527 1128 mir,
541 1030 685 1135 quodfia
698 1028 836 1102 verbmu
841 1025 1001 1126 judiciale
1009 1050 1046 1099 ac
1049 1026 1207 1124 forense,
1222 1049 1282 1124 op·
1316 1046 1480 1107 catorum.
1497 1053 1528 1104 c.
1546 1030 1605 1101 lV.
1626 1051 1663 1110 γ.
1720 1028 1845 1106 Beati.
1870 1051 2010 1125 quatern
2038 1031 2184 1133 reniffae

446 1143 515 1215 mit
535 1138 629 1206 enim
647 1129 729 1202 illud
740 1125 1016 1200 condemnationi*
1028 1126 1130 1200 Rom.
1153 1125 1196 1198 V.
1227 1144 1283 1201 rt.
1305 1121 1683 1226 suntinimicorum*
1696 1148 1835 1223 quorun
1850 1124 2027 1224 teile-sm
2036 1145 2179 1226 mata·
2280 1153 2283 1159 ⁴

446 1239 487 1317 lei
500 1232 668 1309 hodierna
681 1224 817 1301 ecclesia
824 1226 989 1313 Rotnanu,
999 1222 1283 1323 compositionem
1316 1252 1347 1303 r.
1368 1247 1399 1308 i.
1424 1231 1552 1302 Beatus
1566 1231 1639 1305 nir,
1660 1229 1712 1297 tui
1726 1250 1797 1299 non
1812 1230 1952 1323 inputat
1966 1239 2059 1308 Dius
2068 1256 2183 1328 ptera-

2098 1340 2184 1411 tata.-

502 1498 608 1555 eeucilti
622 1498 841 1567 &episcoporum
861 1497 1008 1568 pitroclnio
1030 1496 1162 1569 suscepti,
1182 1487 1280 1550 in'ialll·

501 1580 631 1634 bilitatem
658 1576 752 1646 judicii
777 1579 813 1633 de
840 1582 922 1634 rebus
941 1576 1022 1638 fidei,
1046 1577 1280 1644 auitorltatemque

500 1660 648 1727 supremam
664 1673 718 1710 non
735 1656 872 1727 pontifici,
889 1656 930 1709 sed
948 1656 1062 1710 concilio
1080 1657 1199 1725 generali
1214 1656 1290 1720 legi·

502 1741 563 1793 time
578 1732 737 1806 congregato
751 1736 919 1791 tribuendam
934 1738 985 1793 else
1002 1737 1169 1795 censuerunt.
1203 1736 1280 1791 Patet

501 1815 547 1873 me
565 1802 601 1872 tx
617 1819 702 1871 etuas
715 1811 835 1871 unum.
852 1818 898 1870 rec.
916 1819 976 1873 xv.
989 1818 1016 1870 tt
1034 1818 1107 1873 xut.
1127 1816 1278 1874 celebretis,

502 1894 688 1954 Constantini
711 1897 858 1959 nimirum,
882 1896 1020 1953 Basileenst
1045 1914 1074 1949 ac
1102 1894 1277 1958 Tridentino,

500 1995 609 2049 quorum
622 1978 677 2029 duo
700 1976 788 2044 priora
805 1970 913 2029 totnilii
930 1968 1153 2051 fitptriotirutem
1175 1974 1279 2028 disertis

501 2059 587 2112 verbio
602 2056 794 2109 definiverunt:
814 2056 922 2109 tertium
940 2072 1021 2125 vero,
1033 2057 1129 2108 scilicet
1141 2054 1280 2116 ,Tridenti-

501 2153 578 2200 uum,
599 2148 691 2189 mutuo
706 2136 821 2206 partium
844 2135 1038 2195 diffidentium.
1055 2136 1183 2189 ltalornm
1199 2133 1279 2186 nlmi-

472 2271 474 2276 ,
503 2234 558 2270 rum
568 2229 662 2292 papa,
680 2215 819 2269 Gallorum
838 2230 902 2270 vero
923 2231 954 2268 at
975 2216 1151 2286 Hispanorum
1182 2214 1278 2283 partim

502 2309 603 2366 aperte,
625 2296 721 2366 purtim
739 2296 843 2366 oblique
856 2289 964 2350 concilii
981 2295 1008 2349 st
1028 2295 1208 2364 episcoporum
1228 2283 1279 2365 fit-

498 2374 682 2458 periaritatcnr
700 2375 922 2442 propugnantium
939 2386 1027 2440 metu,
1042 2373 1208 2428 definitivam
1222 2372 1279 2425 sen·

501 2458 605 2511 notiam
621 2456 775 2524 suspendere
790 2456 906 2507 contium
928 2454 986 2508 suit.
1031 2454 1136 2509 Constat
1157 2468 1278 2523 quoque,

500 2536 618 2591 ormnem
634 2536 818 2601 theologorum
835 2534 1113 2603 Purisrensrum,quem
1128 2527 1279 2587 Sorbattant

501 2629 607 2680 rorant,
626 2614 774 2669 constanter
794 2615 819 2667 se
836 2612 985 2684 praetensae
999 2613 1133 2683 potestati,
1154 2612 1278 2667 infallibi-

499 2696 564 2750 litati
577 2695 605 2749 dt
622 2694 790 2748 monarchiae
808 2694 941 2763 pontificis
956 2697 1033 2750 Rom.
1046 2693 1206 2774 opposuisse,
1231 2710 1277 2748 cu·
1333 2737 1335 2741 Α

497 2775 537 2844 jus
553 2776 709 2844 exemplum
728 2785 832 2843 praeter
853 2776 920 2828 alios
943 2779 1083 2843 Jenaaurr
1105 2773 1220 2842 adseclae
1233 2785 1275 2824 re·

499 2854 610 2910 eentiorl
627 2871 694 2907 aevo
709 2854 788 2907 secuti
802 2855 871 2927 ¹sunt.
912 2858 1000 2924 Atque
1015 2855 1047 2909 sic
1060 2863 1144 2908 coetus
1155 2852 1275 2909 Romani

494 2934 613 2989 iottorea
627 2927 665 2987 iu'
676 2933 762 2988 uariae
779 2929 867 3002 parter
882 2934 951 2988 circa
962 2929 1175 2988 infallibilitatem
1188 2933 1272 2985 ecole-

493 3014 541 3069 nee
558 3016 635 3070 inter
659 3014 684 3066 se
707 3013 878 3077 scinduntur,
898 3029 930 3068 ao
949 3030 981 3068 re
1001 3013 1268 3084 ipsademonstraut.

492 3110 570 3166 qoam
579 3093 671 3149 nenia
684 3093 714 3148 lit
729 3093 850 3148 ecclesiae
865 3095 941 3159 suae,
959 3096 1088 3149 unitatem
1103 3092 1147 3148 seu
1161 3108 1270 3147 concor·

459 3197 462 3203 ·
492 3175 565 3233 diam
579 3176 709 3228 summam
729 3177 906 3229 membrorum
928 3192 988 3228 cum
1007 3176 1094 3243 capite
1113 3173 1140 3227 δι
1154 3175 1227 3227 inter
1243 3173 1269 3225 se

485 3256 625 3333 pientia,
644 3255 777 3322 gloriatio.
817 3257 923 3309 Etenim
940 3248 1118 3309 hierarchicos
1138 3254 1197 3306 heic
1211 3267 1268 3306 cer·

495 3337 583 3389 matus
592 3346 685 3388 contra
694 3328 903 3399 monarchianos,
911 3336 993 3388 imme
1002 3335 1083 3405 ipsum
1093 3331 1269 3395 monarcham,

494 3417 645 3475 Romanum
653 3429 750 3483 nempe
759 3414 950 3482 pontificemde
959 3416 1058 3467 summa
1074 3412 1114 3465 rei
1127 3410 1269 3464 accerrime

489 3494 663 3562 confligentes
673 3510 705 3547 ao
721 3494 804 3546 veluti
821 3492 976 3564 pratris&
994 3494 1059 3545 sucis
1075 3493 1268 3560 depugnantes.

489 3578 626 3643 Quaenam
638 3575 822 3642 theologorum
839 3575 1035 3644 protestantium
1049 3573 1084 3625 de
1097 3573 1177 3625 hocce
1191 3586 1269 3637 ergu-

488 3664 579 3711 neoto
604 3654 634 3708 sit
648 3655 791 3716 sententie,
809 3669 845 3707 ex
857 3656 908 3719 iis,
925 3670 992 3724 quae
1006 3654 1035 3706 in
1058 3662 1113 3706 toto
1132 3652 1213 3705 hocce
1230 3664 1270 3704 ca·

487 3736 543 3807 pite
556 3735 668 3803 copiose·
679 3733 820 3802 dilputavit
843 3735 1050 3796 (inurimur,
1070 3733 1174 3787 abunde
1191 3731 1272 3786 intel-

488 3817 589 3884 ligitur.
629 3814 782 3877 Nimirum,
798 3814 870 3884 qnod

531 4003 639 4074 xvlli)
658 4008 851 4076 subjungimus,
862 4021 972 4058 concors
989 4003 1196 4074 protestantium,
1206 4018 1272 4071 quoa

490 4100 602 4154 vocant,
618 4088 651 4140 de
672 4090 720 4141 hoc
736 4100 891 4153 argumento
907 4086 1035 4139 sententia
1056 4084 1107 4137 huc
1119 4086 1202 4138 redit:
1223 4078 1272 4145 (r)

489 4168 622 4223 ecclesiam
648 4161 806 4240 invisibilem
832 4178 909 4234 atque
934 4155 1113 4238 uttiverjr'tletn
1137 4174 1270 4228 utcunque

488 4242 565 4318 pehti
585 4248 808 4301 diciinsallibilis
829 4240 977 4318 objeiline.
996 4256 1127 4315 quatenus
1151 4256 1272 4293 normam

487 4331 567 4384 hbet
587 4328 694 4396 prorsus
719 4326 901 4395 infallibilem,
923 4326 1031 4379 verbum
1056 4324 1184 4377 nimirum
1205 4318 1274 4372 divi-

482 4424 553 4465 num
565 4408 665 4463 titteris
680 4407 866 4473 corniguatum,
877 4405 964 4474 quein
974 4400 1052 4458 rebus
1065 4405 1098 4457 ad
1107 4402 1185 4456 fidem
1195 4398 1276 4467 perti·

487 4490 613 4543 uentibus
622 4487 761 4553 dirigitur;
770 4486 886 4553 itemque
887 4477 1052 4559 fitljtilive,
1067 4493 1198 4552 quatenns
1208 4494 1276 4530 nun·

486 4584 565 4638 guam
581 4568 728 4621 exitialiter
739 4578 827 4619 errare
841 4563 964 4635 potellxin
979 4564 1058 4618 rebua
1072 4564 1106 4616 ad
1121 4561 1277 4616 fundamen·

487 4660 547 4701 tum
570 4644 636 4701 fidei
658 4646 865 4715 pertinentibus,
883 4645 922 4700 ita
944 4654 972 4697 ut
991 4645 1069 4713 plane
1085 4643 1197 4696 existere
1211 4637 1278 4690 desi·

485 4740 549 4790 nat,
560 4735 592 4778 nt
607 4725 685 4797 supra
704 4722 730 4797 b.
741 4728 813 4782 CIX.
831 4738 861 4798 p.
876 4738 931 4797 ¹4³·
946 4724 1058 4779 ostendit
1072 4725 1276 4784 Gariannum

484 4818 516 4865 Ι
541 4818 651 4869 umen.
668 4797 797 4876 ¹quamdin
819 4805 850 4858 Iu
874 4806 952 4858 terris
973 4804 1040 4856 hisce
1060 4804 1173 4864 militat,
1194 4797 1276 4854 varlia

483 4887 624 4943 mribus
639 4904 693 4940 nou
707 4886 797 4940 minut
810 4899 840 4937 ac
859 4884 973 4952 peceant
991 4884 1040 4936 eise
1050 4882 1202 4937 obnoxiam.
1224 4876 1274 4944 (a)

482 4970 588 5024 uttam
601 4965 728 5021 risibilem
751 4981 781 5019 ac
800 4958 997 5038 particularem
1018 4962 1167 5022 ecclesiam.
1187 4959 1272 5012 multo

482 5049 578 5103 minua
596 5037 764 5108 Remum,
786 5045 839 5099 stre
851 5043 976 5112 spettetur
990 5036 1141 5114 colledive,
1163 5038 1214 5092 sne
1230 5051 1272 5090 re·

475 5119 677 5204 praesentariae
690 5127 719 5179 iu
732 5125 818 5193 capite
834 5123 860 5176 te
875 5122 1003 5191 episcopis
1018 5122 1085 5186 suia3
1105 5123 1146 5175 vel
1159 5109 1270 5192 sttrstnr

480 5207 615 5277 bogude,
636 5209 680 5263 tel
694 5205 819 5262 omnbus
837 5197 1005 5278 anajaaiilet
1026 5204 1057 5260 in
1079 5199 1192 5268 inquio
1206 5213 1272 5252 cou-

1382 1500 1525 1574 gregatis,
1542 1499 1592 1551 ene
1602 1496 1783 1561 urrunnun,
1804 1499 1846 1552 reu
1864 1500 2108 1558 exin-eruerem
2121 1507 2180 1575 poe.
2249 1497 2257 1506 “
2334 1479 2337 1486 ’

1394 1579 1435 1640 se,
1455 1562 1553 1631 tamin
1573 1575 1638 1640 lide,
1653 1595 1731 1647 quarn
1754 1580 1784 1633 in
1806 1582 1941 1638 moribus.
1967 1569 2021 1635 tam
2047 1584 2075 1636 in
2097 1601 2178 1654 quae·

1359 1661 1365 1672 ¹
1394 1658 1520 1711 itionibus
1537 1652 1637 1729 juris,
1663 1674 1742 1727 quam
1756 1652 1847 1734 finili,
1872 1661 1991 1728 adeoque
2005 1661 2181 1731 privilegium

1392 1731 1610 1812 deumgratiae,
1628 1739 1695 1791 nulli
1717 1738 1847 1803 ecctefiae,
1865 1742 1906 1795 vel
1922 1740 2061 1807 personae,
2078 1745 2178 1801 nedum

1393 1817 1505 1888 praesuli
1523 1820 1657 1878 Romano,
1678 1833 1694 1870 a
1717 1817 1847 1872 servatore
1863 1820 2010 1874 concessum
2024 1820 2113 1904 suitse,
2134 1827 2191 1882 vel.

1392 1897 1422 1952 iu
1438 1898 1507 1950 huuc
1523 1911 1606 1966 usque
1624 1896 1696 1950 diem
1712 1907 1871 1966 competere.
1912 1903 1968 1966 Jam
1988 1916 2050 1956 vero
2064 1905 2136 1973 quod

1432 2051 1515 2124 xlx)
1535 2055 1567 2107 ad
1581 2064 1735 2123 argumenta
1754 2058 1866 2123 attinet,
1886 2059 1982 2128 quibus
2005 2063 2178 2133 comprobant

1393 2137 1582 2206 protestantes,
1603 2139 1702 2190 nullam
1720 2139 1851 2190 ecclefiam
1867 2140 2068 2207 particularem,
2094 2145 2176 2198 adeo-

1392 2233 1444 2286 que
1473 2231 1523 2270 nec
1558 2218 1723 2279 Romanam,
1751 2216 1918 2279 infallibilem
1950 2222 2016 2282 esse,
2035 2237 2067 2274 ea
2098 2224 2177 2292 supra

1393 2291 1418 2367 i.
1435 2299 1528 2355 CVlll.
1536 2286 1614 2369 seqq.
1628 2311 1724 2361 magno
1738 2311 1850 2350 numero
1865 2298 1971 2365 collegit
1985 2315 2015 2352 ac
2026 2303 2178 2358 coneedit·

1392 2377 1535 2429 sentientes
1544 2414 1550 2436 ,
1559 2376 1605 2444 qui
1614 2376 1647 2428 acl
1656 2375 1812 2428 eludendam
1821 2393 1913 2431 eorum
1922 2378 1977 2431 vim
1988 2380 2176 2452 anteceptam

1393 2456 1503 2522 effugia,
1519 2456 1623 2508 strenue
1638 2453 1700 2508 nrsrt
1721 2453 1914 2513 Granianon
1923 2459 2029 2522 noller,
2043 2476 2093 2515 nac
2105 2453 2176 2532 opua

1393 2534 1445 2598 est,
1465 2545 1494 2598 tlt
1511 2550 1542 2588 ἥ
1556 2535 1788 2603 beicrepetamur.
1827 2536 2111 2606 Adjungemnetameu
2127 2543 2175 2597 iia·
2275 2581 2277 2586 ι

1393 2615 1454 2669 dem
1470 2613 1578 2668 unicum
1592 2613 1659 2666 illud
1675 2625 1877 2682 argumentum,
1896 2618 1967 2693 quod
1982 2621 2014 2672 ab
2029 2613 2180 2677 interrita-¹
2292 2657 2302 2688 ,¹

1390 2689 1454 2748 dine
1470 2688 1547 2763 istim
1566 2688 1699 2766 dogmatis
1716 2696 1787 2748 iuter
1808 2696 1878 2764 ipsos
1899 2698 2047 2764 pontificio:
2071 2702 2107 2755 eit
2128 2703 2174 2756 de-

1389 2774 1511 2828 sumtum.
1534 2771 1661 2831 Nondum
1668 2775 1740 2826 enim
1755 2776 1881 2829 convenit
1895 2778 1967 2831 iuter
1981 2777 2051 2846 ipsoa
2063 2781 2097 2835 de
2112 2782 2172 2838 seda

1389 2855 1463 2911 inim
1475 2843 1695 2915 infallibilitatir,
1716 2869 1766 2907 uec
1779 2854 1808 2908 iu
1824 2854 1895 2909 hunc
1912 2872 1996 2926 utque
2009 2857 2081 2913 diem
2098 2872 2171 2918 certe

1389 2934 1595 2989 determinatum
1607 2931 1652 2993 est,
1663 2948 1746 3001 penes
1757 2945 1827 3002 quor
1843 2935 1936 2990 debeat
1953 2939 2019 2999 esse.
2040 2954 2074 2991 an
2088 2956 2173 3009 perrea

1386 3014 1533 3085 praesulem
1543 3015 1711 3073 Romanum,
1724 3023 1755 3067 ut
1769 3018 1861 3069 volunt
1873 3017 2053 3086 ltalialiique,
2073 3031 2107 3072 au
2122 3037 2170 3089 pe-

1386 3111 1436 3150 nes
1459 3094 1642 3163 episcopusin
1665 3094 1779 3147 concilio
1794 3097 1908 3164 quodam
1928 3107 2117 3165 congregatos,
2137 3111 2168 3156 ut

1382 3177 1411 3229 in
1437 3175 1559 3226 concilio
1581 3174 1769 3226 Constantiensr
1793 3191 1823 3227 ac
1846 3177 1983 3229 Basileensr
2004 3178 2131 3232 sancitum
2145 3181 2174 3234 te

1385 3256 1534 3308 constanter
1547 3252 1665 3309 creditur
1680 3254 1710 3303 ab
1729 3255 1831 3306 ecclesia
1846 3256 1987 3308 Gallicana
2009 3296 2025 3318 ,.
2035 3259 2124 3320 Adeo,
2140 3270 2171 3314 ut
2195 3247 2201 3263 ’

1383 3331 1490 3398 „verbis
1497 3331 1611 3386 Fnauc.
1620 3332 1809 3389 Tuuaeerrnr
1821 3337 2030 3396 utamur,omnia
2039 3323 2169 3393 nutant&

1382 3413 1504 3479 „incerta
1518 3422 1626 3464 manent
1641 3411 1710 3464 inter
1720 3412 1804 3478 ipsos,
1815 3415 1876 3483 quia
1892 3415 1984 3478 ultiuta
1994 3415 2056 3470 fidei
2072 3418 2171 3473 resolu-

1383 3492 1447 3558 „‚tio
1463 3505 1517 3544 non
1530 3490 1559 3543 fn
1575 3490 1604 3544 in
1612 3490 1763 3560 scripturam
1774 3491 1852 3545 sulani
1866 3491 2038 3567 tolonen,
2056 3496 2099 3550 sed
2112 3499 2171 3553 inu.

1381 3588 1442 3640 mne
1467 3582 1646 3627 commentum
1667 3572 1861 3626 irisallibilitatis
1880 3575 2017 3639 ecclesiae,
2037 3577 2071 3630 de
2094 3576 2171 3649 cujua

1324 3690 1335 3703 ,
1382 3666 1473 3720 „certa
1488 3651 1548 3705 sede
1560 3653 1631 3705 inter
1644 3653 1669 3703 se
1684 3652 1823 3714 dissident,
1843 3637 1962 3723 liquam
1972 3673 2026 3712 uon
2043 3659 2113 3727 posse
2127 3675 2168 3714 re·

1385 3733 1486 3802 „periri
1504 3733 1556 3786 sive
1573 3733 1601 3798 ln
1617 3731 1730 3784 concilio
1743 3766 1751 3791 ,
1763 3733 1815 3785 stre
1826 3735 1854 3786 iu
1873 3735 2010 3811 pontifice,
2031 3737 2068 3790 en
2080 3739 2168 3796 certis-

1386 3813 1514 3876 fimnm„
1555 3812 1692 3880 Superest,
1714 3822 1759 3874 ut,
1780 3829 1855 3866 more
1864 3815 1952 3869 nostro
1967 3817 2105 3882 consueto,

1427 3991 1501 4065 XX)
1520 3997 1637 4051 austures
1649 3996 1777 4065 quosdam
1792 3999 1961 4066 praecipuos,
1970 3999 2017 4067 qul
2028 4001 2083 4066 poli
2090 4000 2170 4056 Gaa-

1386 4094 1535 4137 nanuum,
1562 4076 1591 4128 in
1619 4077 1758 4128 enodanda
1781 4078 1827 4129 hac
1854 4077 2031 4131 controversia
2055 4079 2169 4136 studium

1386 4159 1460 4211 sunm
1475 4171 1634 4224 operamque
1646 4155 1824 4215 collocarunt,
1841 4172 2086 4210 commemoremur.
2107 4162 2168 4214 lluc

1387 4238 1522 4308 pertinent
1541 4252 1575 4288 ex
1595 4235 1689 4288 nustria
1714 4238 1951 4293 Danunaueaua
1975 4237 2005 4291 iu
2035 4229 2170 4294 bodemen.
2210 4238 2215 4246 ⁴
2270 4294 2274 4301 ,

1383 4308 1547 4392 puppianu-
1559 4310 1618 4389 tp.
1632 4329 1688 4375 255.
1697 4306 1773 4390 seqq.
1786 4315 1814 4369 dc.
1825 4327 1851 4391 p.
1861 4331 1916 4377 tot·
1924 4311 2000 4393 seqq.
2021 4317 2170 4370 Caranus

1389 4398 1419 4451 in
1436 4388 1616 4469 mateolpap.
1631 4388 1728 4466 serti
1744 4392 1836 4469 quest.
1851 4390 1904 4453 IX.
1920 4410 1945 4472 p.
1955 4413 1992 4450 aa.
2007 4399 2123 4466 itemque
2139 4398 2169 4451 in

1383 4467 1496 4551 system.
1513 4468 1621 4548 theolog
1638 4488 1705 4528 tam.
1718 4468 1803 4530 Vlll.
1813 4490 1868 4536 arr.
1882 4491 1907 4536 a.
1924 4489 1982 4552 cap.
1996 4469 2081 4530 Vsll.
2097 4489 2171 4550 qua.

1386 4567 1415 4630 p.
1435 4562 1488 4608 iat.
1517 4555 1629 4608 Genua.
1657 4555 1808 4609 cinxere
1831 4558 1859 4611 in
1888 4547 2007 4631 reponit
2032 4552 2172 4612 maledicit

1390 4631 1627 4716 Magnanimum
1641 4627 1825 4710 theologorum
1837 4649 1889 4709 pen
1933 4630 2167 4710 atnanipantiqiclt

1390 4707 1591 4791 infallibilitate
1612 4720 1672 4769 «μσς
1700 4708 1833 4789 apposito,
1860 4719 1960 4772 Hane.
1986 4716 2170 4780 Saturarutut,

1358 4832 1370 4839 --
1389 4797 1528 4860 theologus
1543 4793 1675 4869 quondum
1690 4795 1878 4861 Tubingensrs,
1897 4796 1926 4850 in
1946 4796 2009 4865 disp
2032 4792 2065 4850 ele
2081 4791 2171 4851 cutbe-

1387 4871 1439 4930 dre
1456 4870 1548 4935 Petri,
1559 4867 1616 4945 five
1627 4870 1660 4926 de
1674 4866 1874 4951 infallibilitate
1881 4867 2027 4948 Potrrqsea'r
2041 4869 2159 4931 Romani

1363 4956 1579 5012 ”scu-netur
1596 4946 1624 5007 ln
1648 4954 1709 5009 anti
1723 4986 1735 5000 ·
1755 4948 1885 5013 Bellurnr.
1899 4949 1964 5031 disp.
1988 4950 2021 5009 V.
2037 4947 2106 5029 tltefi
2126 4916 2169 5013 il

1383 5047 1412 5110 p·
1424 5050 1463 5098 itt
1482 5058 1528 5074 ··-
1545 5041 1600 5089 ito.
1614 5038 1669 5087 stt.
1691 5037 1900 5091 Kaonauattus
1915 5039 1944 5090 iu
1959 5028 2032 5090 theol
2050 5027 2107 5112 past
2122 5048 2172 5111 pa·

1385 5109 1446 5170 lent.
1464 5127 1520 5170 arr.
1536 5108 1617 5169 Viti,
1636 5107 1680 5165 tlte
1694 5107 1703 5166 .“
1715 5110 1768 5170 IV.
1788 5127 1815 5190 p.
1833 5132 1900 5185 1007.
1918 5110 2036 5172 elem
2056 5126 2083 5190 p·
2094 5129 2172 5174 1049·

1384 5198 1591 5263 Quauaraumu
1612 5193 1641 5248 io
1680 5188 1762 5268 sicat.
1777 5187 1893 5274 theolog.
1905 5190 2017 5275 parti·
2042 5186 2167 5351 cap-sig·
