5442 6225
518 498 562 589 16
741 480 751 491 ’
1058 507 1411 591 noovsxxrn
1464 511 1658 593 curun
1706 513 1739 595 t.

516 710 658 777 externo
678 698 826 798 quodam
847 702 990 798 proprie
1018 695 1111 770 diuo
1136 693 1305 769 sacrificio
1334 714 1392 766 ac·
1420 691 1533 787 dicit,
1559 692 1591 769 se
1611 694 1765 797 iepupyu‘i
1790 689 1996 794 imminu
2021 695 2070 771 rii
2086 694 2165 788 deti,
2190 704 2315 806 ntfiat

515 794 682 892 oipienda.
737 810 774 891 α)
798 801 849 871 Ex
876 797 1036 898 scriptura
1067 795 1261 895 colligitur,
1277 797 1389 889 socer·
1425 800 1549 872 oblatio
1590 805 1708 871 entium
1727 812 1881 894 arrepta,
1896 799 2109 898 saaiiihrotu
2132 804 2310 900 isuper,

514 897 607 992 dotis
627 906 749 971 vocem
775 896 998 973 diverfimode
1020 900 1148 994 accipi:
1174 898 1286 994 primo
1302 919 1385 991 pro·
1430 909 1467 971 ta
1485 824 1635 996 frando:-
1650 903 1696 970 ira
1728 924 1864 998 qnoque
1889 898 2029 972 rninillri
2061 896 2208 975 eccleliae
2236 904 2309 979 diri

412 1000 414 1011 '
457 984 739 1092 sprieprotali
758 995 919 1096 persona,
946 1022 1019 1095 quae
1040 1017 1220 1069 externum
1248 1000 1283 1067 dt
1308 1016 1386 1067 cor·
1429 997 1563 1097 potsunt
1585 994 1787 1097 sacerdotes,
1813 996 2227 1096 uonsolumingenerall
2249 1004 2307 1078 ills

481 1134 483 1138 ·
513 1100 632 1191 potale
656 1093 860 1172 sacrificium
883 1100 961 1170 Deo
988 1092 1108 1181 offert,
1135 1100 1169 1167 in
1202 1096 1268 1167 hac
1286 1091 1385 1191 signi·
1430 1095 1694 1199 significatione,
1719 1095 1910 1171 secundum¹
1925 1123 2027 1197 quam
2047 1121 2166 1173 omnes
2184 1107 2232 1200 pii
2253 1105 2308 1178 di·

375 1206 401 1231 ⁵
512 1192 673 1267 ficatiune
697 1204 878 1295 accipitur,
905 1198 1039 1293 quando
1062 1195 1116 1267 vel
1134 1192 1176 1265 de
1191 1195 1314 1265 Levitis
1331 1189 1386 1265 vel
1432 1220 1554 1272 cuntur
1569 1193 1783 1285 sacerdotes,
1808 1191 1864 1269 sed
1882 1203 1983 1272 etiarn
1999 1193 2132 1296 speciali
2155 1197 2307 1300 quodat‘n

513 1294 907 1397 deChrillousurpatur3
929 1295 1079 1370 secondo
1096 1297 1295 1390 improprie,
1323 1315 1389 1390 pro
1432 1295 1606 1395 respedlu,
1654 1319 1791 1368 uatenus
1805 1291 1933 1369 scilicet
1948 1295 2183 1395 praedicatione
2206 1328 2307 1375 evan-

513 1390 736 1490 lpiritualibus
767 1396 993 1470 sacerdotibus
1020 1393 1204 1493 spirituales
1235 1392 1388 1464 vidlirnas
1433 1399 1515 1497 gelii
1544 1322 1729 1468 tacrihcant
1741 1448 1752 1484 ,
1779 1401 1813 1470 dt
1833 1403 1987 1470 mundans
2007 1399 2205 1475 oblationem
2221 1405 2303 1476 Deo

322 1562 334 1577 ,
403 1534 405 1539 -
514 1492 593 1566 Deo
609 1490 940 1594 offerentibus,'quo
963 1493 1054 1566 seusu
1074 1518 1115 1567 ac
1136 1488 1287 1593 respeslu
1311 1514 1387 1561 orn-
1434 1494 1594 1574 offerunt.
1648 1494 1772 1576 Mali,
1791 1518 1845 1569 11.
1896 1499 2222 1597 ltetnquequatenua
2243 1526 2305 1599 pa-

512 1617 573 1665 nes
599 1619 679 1667 vere
708 1601 755 1694 pii
782 1598 937 1668 dicuntur
966 1590 1165 1667 sacerdotes.
1216 1590 1298 1759 Qec
1325 1611 1392 1686 po·
1434 1594 1608 1670 culiariter
1628 1590 1662 1666 se
1684 1596 1763 1668 Deo
1782 1590 1995 1686 consecrant,
2021 1593 2200 1695 specialem
2222 1625 2305 1699 pan·

444 1752 446 1757 .
513 1690 634 1764 llerior
660 1692 859 1792 significatio
885 1695 1003 1780 itidem
1029 1696 1180 1766 occurrit
1200 1694 1235 1760 in
1274 1691 1389 1785 criptis
1434 1718 1554 1793 perum
1577 1693 1854 1781 ennuntiatione,
1878 1692 2075 1793 acpsoluis
2097 1702 2131 1773 n<
2154 1698 2304 1774 ecclefig

479 1797 904 1893 .veterunr.¹Cyprianus
925 1797 959 1864 in
981 1791 1038 1863 lib.
1051 1794 1093 1862 de
1108 1788 1267 1862 undlione
1279 1782 1386 1860 chris·
1434 1791 1974 1889 necessitatibusprecessundunt.
2016 1804 2064 1888 4.)
2081 1796 2304 1898 Nequaquam

515 1897 613 1964 maris
638 1918 673 1991 p.
711 1907 792 1987 516,
853 1896 1039 1989 Partiripes
1073 1887 1193 1986 Christi
1225 1898 1388 1987 qaotqeot
1433 1917 1517 1966 nero
1544 1889 1635 1965 sensu
1661 1918 1703 1963 eo
1721 1892 1902 1993 sacerdotis
1931 1892 2111 1992 adpellatio
2143 1898 2303 1971 ratinillris

485 2078 493 2093 Ι,
505 1991 613 2090 seht,
644 1994 807 2090 consortes
819 1996 892 2094 sint
914 2007 979 2067 tam
1008 1989 1174 2065 unitionis
1201 2014 1298 2085 quun
1325 2013 1387 2061 no·
1433 1992 1581 2067 ecclesus
1608 1992 1708 2065 tribui
1726 1994 1834 2091 poteli
1851 1994 1904 2065 vel
1922 1994 2040 2076 debet,
2099 1995 2164 2068 uali
2193 2018 2301 2071 exter·

514 2095 641 2173 minis,
668 2095 715 2173 &
740 2100 896 2169 dicontur
923 2122 943 2166 a
975 2091 1107 2188 Christo
1139 2089 1331 2186 christiani,
1350 2098 1387 2159 ut
1433 2117 1516 2167 num
1534 2092 1672 2191 aliquod
1694 2117 1732 2165 ac
1757 2100 1894 2192 proprie
1915 2091 2041 2167 didlum
2069 2021 2301 2186 sacrificium,

508 2194 576 2297 fiut
595 2194 664 2287 suh
691 2194 813 2289 chrisio
844 2200 923 2265 duce
945 2193 1084 2267 sessores
1115 2189 1163 2266 8
1187 2195 1311 2276 dares,
1342 2183 1390 2278 ὅ
1432 2190 1474 2263 ad
1499 2192 1696 2287 exemplum
1730 2193 1958 2267 leviticorum
1986 2189 2198 2267 sacerdotum
2222 2198 2303 2270 Deo

502 2290 1389 2493 ailitlhh‘httillidi,sttliissmuttll
1433 2290 1546 2465 {llll
1562 2290 1714 2490 iiiiii
1728 2290 2304 2495 ’striis:tltlltihl‘ll2

514 2495 646 2571 inLev.
665 2513 748 2566 rom.
769 2495 793 2568 l.
814 2493 882 2577 col.
905 2519 988 2580 725.
1041 2505 1174 2579 Onnes,
1199 2492 1388 2587 quicunque
1432 2486 1590 2565 sacerdos
1621 2499 1655 2565 iu
1679 2516 1761 2567 nov.
1795 2492 1866 2569 tell.
1905 2499 2020 2569 unicus
2056 2495 2214 2568 duntaxat
2240 2494 2303 2586 sut,

512 2606 681 2692 ungumto
694 2596 793 2688 sarri
812 2594 992 2692 chrismatis
1006 2594 1142 2669 delibuti
1156 2595 1256 2686 snut,
1279 2591 1389 2687 secer·
1434 2590 1740 2679 Chrillusscilicet,
1761 2599 1817 2693 qui
1831 2588 1920 2666 solus
1937 2593 2059 2666 dicitur
2074 2619 2149 2668 rtou.
2168 2592 2304 2695 trissa-

512 2700 607 2767 dotes
629 2691 835 2797 effetisuur.
887 2694 960 2768 Lib.
984 2695 1026 2771 X.
1044 2712 1160 2768 contra
1176 2692 1301 2778 Julian.
1326 2698 1389 2767 Sa·
1433 2699 1572 2773 serdus,
1606 2693 1713 2771 Hebr,
1731 2694 1773 2769 V.
1800 2706 1834 2768 6.
1866 2693 1941 2767 Vll.
1965 2721 1998 2775 ³·
2026 2697 2084 2774 lx.
2108 2720 2164 2779 ις.
2185 2690 2303 2796 quise

493 2792 806 2886 <vulterrunensis
828 2800 929 2865 multo
957 2797 1090 2883 melius,
1118 2816 1213 2890 quan
1234 2784 1282 2862 issi
1301 2791 1388 2865 oiim.
1432 2791 1538 2891 ipsum
1548 2792 1652 2888 semri
1665 2796 1827 2866 duntaxat
1848 2794 1966 2871 obtulit
1986 2817 2048 2890 pro
2075 2799 2220 2901 peccatis
2235 2796 2303 2868 ho-

511 2893 694 2989 ·Desrrndit
725 2900 811 2973 enirn
842 2897 963 2968 celitus
993 2919 1062 2967 nun
1080 2893 1247 2995 senſsht'hr
1275 2892 1388 2988 ignis,
1433 2898 1585 2970 minum,
1613 2891 1719 2963 Hebr.
1744 2892 1821 2965 Vll.
1846 2914 1903 2985 ²7·
1931 2893 1988 2969 lX.
2017 2898 2302 2994 amatquenfnioe

507 2994 572 3093 sed
596 3016 639 3068 ex
664 2999 767 3072 Patre
786 3020 850 3091 prr
877 2996 999 3067 Filium
1020 2997 1167 3090 Spiritus
1184 2990 1326 3088 sandius
1348 2992 1388 3064 it·
1433 2993 1595 3063 oblatione
1624 2992 1854 3084 consummavit
1880 2994 1917 3063 in
1952 3004 2121 3065 ueternum
2143 3019 2217 3083 eos,
2243 2994 2302 3095 qus

515 3094 658 3194 lustrans
685 3098 847 3197 scelestam.
908 3095 1104 3168 Adhibentur
1130 3107 1236 3168 autern
1264 3088 1311 3167 δ’
1327 3089 1388 3187 sa·
1420 3091 1679 3192 sontiifieanttrr
1693 3118 1707 3176 ;
1739 3091 1845 3167 Hebr.
1870 3091 1912 3169 X.
1936 3099 2304 3179 14,eumiuenurne·

517 3197 661 3289 crificia,
669 3197 870 3294 spiritualia
877 3192 1003 3290 seilicet
1022 3197 1064 3285 θ
1081 3198 1246 3268 neurada.
1297 3194 1389 3266 Nan
1430 3199 1560 3267 ratione
1587 3191 1752 3294 graduum
1780 3213 1820 3264 ac
1844 3187 2005 3266 ordinum
2029 3198 2117 3266 inter
2132 3194 2302 3269 ministros

516 3291 575 3372 issi¹
591 3303 717 3395 quidem
746 3296 939 3395 offendunt¹
954 3299 1028 3371 Deo
1051 3299 1167 3384 hones,
1192 3314 1291 3377 oves,
1316 3303 1388 3362 tur·
1430 3318 1512 3373 nov.
1535 3294 1606 3370 tell.
1624 3316 1694 3366 non
1709 3291 1766 3366 fiat
1786 3297 1914 3366 mentio
1930 3292 2046 3371 talium
2064 3288 2298 3386 sacerdotum

504 3409 607 3469 tum
628 3397 869 3481 &columban
898 3394 944 3468 θ’
961 3397 1202 3492 exfruilibus,
1231 3390 1278 3466 δ’
1292 3393 1390 3494 steni-
1431 3395 1521 3493 Eph.
1547 3393 1606 3468 tv.
1637 3419 1690 3468 ιι.
1725 3392 1949 3474 r.Cor..Xli.
1975 3412 2031 3471 ae.
2051 3391 2198 3491 denique
2222 3419 2300 3468 eum

400 3535 402 3540 ·
517 3497 581 3570 sam
606 3505 675 3571 oleo
705 3496 857 3595 sparsam
884 3494 931 3571 δ’
948 3498 1071 3596 lagano
1088 3497 1131 3585 85
1160 3495 1269 3567 thora.
1319 3500 1390 3568 Nur
1430 3519 1493 3566 nec
1521 3489 1701 3564 secundum
1730 3494 1887 3589 ordinem
1919 3498 2031 3563 Aaron
2047 3546 2058 3579 ,
2093 3516 2155 3564 nec
2184 3485 2302 3569 secun·

517 3609 624 3668 autem
654 3593 756 3694 eraffd
776 3596 950 3693 ministerio
978 3597 1088 3671 relisis
1107 3606 1300 3690 preceptum
1327 3583 1399 3665 ha-'
1429 3594 1512 3665 dum
1530 3592 1687 3663 ordinem
1708 3588 1962 3664 Melchisedech
1979 3588 2040 3662 illo
2061 3589 2201 3689 quidem
2222 3589 2300 3666 seu·
2322 3627 2330 3632 ·

516 3699 652 3775 hernus,
684 3710 723 3770 ut
744 3710 839 3770 tenue
862 3723 900 3771 ar
912 3698 1095 3794 spirituale
1114 3695 1161 3769 δ’
1167 3696 1295 3793 subtile
1313 3716 1391 3788 per·
1431 3689 1466 3763 su
1494 3688 1680 3763 sacerdotes
1709 3687 1773 3762 elie
1795 3687 1916 3788 potiint
1938 3714 1950 3773 ;
1988 3684 2181 3785 sequeretur
2205 3698 2299 3767 enirn

349 3829 352 3836 ·
406 3867 408 3872 ,
513 3795 674 3897 pisinnus.
726 3797 902 3895 Offerirnus
926 3801 1007 3868 enin
1034 3801 1069 3869 in
1090 3795 1386 3892 odorensuuuita·
1431 3815 1472 3863 ex
1507 3797 1648 3889 priore,
1675 3790 1766 3889 quod
1797 3791 1948 3862 uidlimas
1978 3809 2130 3862 cruentas
2159 3787 2302 3865 debeant

390 3887 404 3912 ”
476 3958 482 3969 .
507 3900 559 3969 ‘tis
581 3901 657 3972 Deo
676 3900 813 3973 uirtutes
830 3903 1038 3996 omnigenas,
1054 3895 1178 3993 fidem,
1191 3896 1304 3993 spen,
1331 3919 1385 3966 ro·
1429 3886 1574 3982 offerre,
1600 3915 1644 3964 ex
1664 3890 1866 3987 posteriore,
1886 3886 1978 3987 qnod
1994 3913 2064 3961 non
2087 3884 2175 3962 solus
2199 3893 2300 3965 Chri·

511 4002 669 4085 ritatem,
698 3998 883 4097 justitian,
920 4000 1155 4070 continentiam
1172 4050 1183 4086 ‚
1207 4005 1385 4090 perpetuas
1429 3991 1493 4065 ssus
1518 3989 1555 4063 fit
1572 3987 1724 4062 sacerdos
1752 3982 1937 4061 secundum
1966 3988 2126 4062 ordinem
2151 3987 2310 4064 Motene?

459 4163 461 4180 ,
512 4099 626 4171 laudes
652 4096 695 4186 85
721 4101 958 4172 aliusuirtntes
982 4095 1054 4171 &n
1109 4097 1213 4198 Qud
1239 4094 1385 4191 frigitur
1424 4087 1570 4176 sedech,
1600 4094 1691 4177 cujus
1709 4093 1912 4162 contrarium
1926 4083 2086 4162 adseritur
2101 4088 2298 4165 trebnvu.

373 4187 385 4194 ’
511 4223 535 4269 a
559 4197 888 4294 norninesn'cerdotis
907 4189 1385 4270 adsacrificiummilsaricnm
1434 4220 1464 4267 r.
1519 4189 1570 4286 5.)
1596 4183 1726 4258 Falsum
1747 4187 1809 4274 eil,
1837 4183 2203 4285 aposlolusnonfuisse
2223 4186 2300 4263 uso's
2335 4249 2341 4256 .

317 4330 327 4366 ι
362 4351 364 4356 -
511 4296 612 4371 firma
643 4298 785 4393 procedi
822 4294 927 4394 poss'et
956 4290 1223 4392 consequentia,
1263 4290 1383 4364 inferri
1428 4289 1620 4363 nominibus
1644 4283 1848 4368 sacerdotii,
1879 4284 2067 4366 sacrificii,
2091 4285 2228 4384 templi,
2252 4289 2299 4362 al·

512 4403 614 4469 etiarn
645 4392 777 4493 posset,
813 4419 931 4470 omnes
964 4393 1163 4468 christianos
1180 4388 1383 4467 sacrificium
1461 4394 1505 4460 ris
1532 4385 1741 4461 &similium
1763 4413 1878 4461 rerum
1898 4394 2033 4485 uigente
2055 4387 2166 4467 adhue
2192 4381 2300 4461 sacer·

453 4529 458 4538 ·
512 4517 689 4569 externum
713 4492 944 4593 &corporale
964 4498 1102 4592 proprie
1121 4489 1383 4567 sscdtttumot-
1427 4410 1525 4560 douo
1554 4482 1714 4576 iudaic03
1748 4491 1954 4562 contrarium
1983 4492 2075 4560 enirn
2103 4479 2298 4586 exscriptis

510 4592 715 4692 ferrepoffe
738 4620 777 4668 ac
811 4595 956 4680 debere,
981 4595 1071 4692 quod
1093 4620 1134 4667 ne
1157 4592 1216 4691 ipfi
1244 4592 1382 4693 quidem
1428 4584 1577 4684 ipsorum
1608 4585 1652 4656 eti
1680 4584 2005 4671 tuanifettiffimum,
2041 4593 2075 4658 in
2102 4585 2221 4683 quibua
2247 4589 2298 4662 luis

458 4707 461 4712 '
535 4693 679 4768 ontificii
705 4695 910 4768 concedunt.
954 4700 1022 4782 '3·)
1044 4696 1203 4794 Qtamvis
1221 4687 1383 4784 scriptura
1426 4693 1461 4762 &
1484 4686 1642 4761 liruilihus
1663 4685 1937 4784 adpellationibus
1967 4681 2057 4757 sensu
2076 4679 2239 4782 spirituali
2260 4692 2296 4761 ἀ

507 4719 600 4868 sacra
621 4792 740 4865 nullibi
764 4798 798 4865 in
820 4790 929 4891 specie
954 4794 1123 4866 minillros
1155 4787 1302 4862 ecclesus
1327 4787 1406 4857 ad-·-
1425 4788 1568 4879 mystico
1600 4781 1714 4883 saepius
1747 4807 1907 4873 utuntur,
1945 4808 1988 4855 eo
2015 4781 2087 4883 ipso
2107 4784 2295 4873 docentes,

507 4894 612 4993 pellet
644 4890 849 4978 sacerdotes,
883 4912 994 4964 tamen
1020 4888 1270 4968 concedimus,
1304 4881 1383 4961 sano
1426 4887 1555 4960 cultum
1568 4886 1756 4959 Leviticum
1773 4904 1837 4958 aet.
1855 4883 1924 4957 tell.
1950 4888 2179 4957 exteraumin
2201 4910 2296 4960 novo
2339 4909 2342 4914 ·

507 4989 604 5068 seusu
632 5014 753 5062 vocem
784 4991 877 5064 illam
898 4981 1021 5074 eihsa&
1050 4987 1210 5063 minilltis
1234 4986 1383 5059 ecclesa
1427 4986 1498 5064 tell.
1521 4993 1557 5058 in
1573 4981 1786 5081 spiritualem·
1805 4980 1869 5055 else
1882 4979 2103 5063 conversum,
2124 4983 2223 5080 'quod
2247 4989 2298 5084 ip·

508 5094 610 5167 tribui
638 5087 757 5186 posse,
792 5090 1048 5166 &steresibus
1079 5087 1277 5159 adtributam
1298 5085 1376 5160 else.
1424 5081 1496 5160 sum
1531 5109 1612 5176 curn
1644 5079 1773 5156 disertis
1800 5083 1909 5156 verbis
1943 5082 2084 5177 apossoli
2108 5081 2297 5171 docerent,
2328 5109 2332 5116 ·

509 5188 811 5285 Quemadmodum
829 5196 932 5270 enim
955 5187 1072 5294 Paulus
1091 5189 1197 5282 Rom,
1224 5188 1300 5292 llis.
1327 5210 1338 5264 ι
1345 5205 1380 5290 a.
1399 5215 1402 5220 ·
1418 5183 1615 5293 periculum
1629 5180 1762 5268 nullum
1776 5180 1864 5289 suit,
1886 5205 1931 5286 ng
1947 5169 2005 5262 usu
2015 5184 2155 5263 ilatum
2170 5203 2297 5301 aucum

1028 5309 1030 5314 ’
2211 5301 2298 5364 utut

2239 5815 2242 5820 ¹
2281 5811 2288 5824 t
2316 5651 2343 5825 Ι
