5442 6225
467 548 513 625 33
776 548 789 571 -·
885 516 903 557 '·
967 474 1355 630 ‘nocvsxxru
1409 527 1601 606 curor
1651 529 1701 608 ιι.

471 714 528 791 sed
557 714 599 788 de
627 709 779 788 lsraelitis
807 715 841 783 in
870 733 995 810 genere
1022 725 1131 780 textus
1163 705 1339 804 loquatur3
1380 736 1564 809 monogam.
1583 708 1654 808 &a
1705 707 1801 805 Relp.
1821 700 2255 816 nondenlnrpationeaeri.

473 840 536 889 nec
553 840 593 884 ex
612 813 778 886 hocloco
803 812 1006 883 clericorum
1030 831 1158 879 nomeu
1185 806 1343 879 miuillria
1381 809 1490 882 cabuli
1507 809 1739 896 eccleliallica,
1765 808 1819 883 sed
1840 814 1882 884 de
1899 814 2020 887 biblica
2036 819 2119 890 cleri
2136 845 2261 921 accepc·

473 911 619 988 ecclesiae
631 912 844 1010 peculiariter
859 911 1020 980 tributum
1034 904 1263 977 demonstrare
1280 931 1342 1002 po·
1384 914 1477 981 tione
1529 906 1710 981 utillimum
1733 917 1920 1006 quaritur,
1950 938 1992 985 au
2016 910 2253 1007 scilicet'''''scri·

473 1032 594 1084 terunt.
651 1013 733 1081 lude
764 1035 840 1080 cum
870 1010 1100 1097 Hieronymus
1136 1008 1173 1074 in
1204 1004 1343 1102 epillola
1383 1027 1477 1106 ptura
1499 934 1587 1077 llrru
1603 1008 1686 1079 illud
1711 1033 1837 1080 nomen
1853 1012 2066 1107 peculiariter
2094 1019 2258 1090 ministris

382 1178 395 1201 .-
474 1111 514 1181 ad
532 1112 759 1203 Nepotianum
780 1103 975 1201 scripsrss‘n:
1004 1104 1144 1200 Obsecro
1159 1115 1211 1180 tr,
1238 1107 1348 1199 uros·
1383 1106 1525 1178 ecclesia:
1545 1106 1693 1184 tribnat?
1719 1108 1877 1181 Praeterea
1892 1115 1927 1179 in
1954 1115 2120 1205 primitiva
2142 1118 2253 1188 eccle·-

465 1211 583 1307 ficiunt
603 1209 768 1280 clericatus
780 1231 889 1304 gruus
908 1209 1066 1300 antiquae
1082 1206 1217 1274 militine
1238 1216 1346 1296 puter,
1383 1204 1428 1276 sra'
1441 1230 1509 1277 non
1526 1200 1618 1275 seusu
1637 1205 1833 1300 pontificio,
1856 1204 1945 1304 quasi
1965 1204 2028 1279 soli
2047 1211 2161 1283 clerici
2177 1239 2254 1312 per.

466 1313 533 1395 ,lroc
551 1307 615 1405 est,
639 1331 678 1378 rte
697 1311 786 1380 lutra
794 1307 904 1400 seculi
919 1308 955 1375 iu
978 1303 1099 1398 curisti
1116 1304 1232 1374 militi'a
1248 1327 1348 1398 quor·
1383 1309 1508 1376 tineent
1529 1302 1569 1373 ad
1593 1303 1820 1375 haereditatem
1841 1308 2010 1395 Domini,
2037 1316 2072 1382 dt
2089 1300 2253 1385 anthemi·

437 1459 439 1463 ν
474 1434 554 1496 ros,
586 1430 626 1481 ne
644 1410 720 1498 plus
750 1405 895 1488 habear,
928 1427 1025 1500 quom
1049 1406 1183 1500 quondo
1214 1403 1350 1473 tiericus
1383 1428 1461 1475 cum
1483 1408 1517 1472 in
1545 1401 1647 1474 laicos
1671 1407 1852 1500 imperium
1882 1404 2022 1476 habeaur
2040 1430 2051 1498 3
2069 1402 2130 1479 ised
2161 1406 2252 1483 ienln

474 1505 535 1606 effe
557 1506 694 1600 rupisti,
723 1503 770 1579 fr
789 1507 917 1574 dicutur
939 1504 999 1572 tibi
1012 1556 1022 1586 ,
1047 1504 1124 1574 cleri
1147 1525 1257 1571 eorum
1277 1526 1346 1573 nor
1382 1498 1584 1574 orthodoxo
1615 1504 1689 1573 hoc'
1713 1500 1917 1572 vocabulum
1947 1501 2012 1575 fuit
2029 1503 2256 1604 usurpatum,

470 1611 659 1704 proderunt
683 1606 748 1687 ris;
775 1597 929 1673 Erasmus
952 1594 1118 1699 adscripsit
1137 1624 1145 1669 :
1176 1601 1270 1696 Quid
1282 1602 1347 1696 fu·
1381 1601 1493 1679 uocati
1519 1605 1610 1670 enim
1627 1596 1701 1671 snut
1721 1600 1861 1693 tuiuiliri
1886 1600 2031 1674 ecclelia
2053 1605 2121 1675 hoc
2141 1615 2254 1680 uomi-

475 1711 567 1791 ries‚
593 1707 788 1800 Hierouprue
799 1747 812 1780 ‚
848 1712 898 1769 tot
920 1698 1098 1790 cliriflianir
1116 1697 1347 1797 sacerdotibus
1385 1724 1451 1789 ne,
1479 1703 1555 1796 quia
1571 1697 1630 1771 τᾶν
1645 1700 1768 1799 κλῆρον
1785 1687 2024 1784 ric'drurcntinr
2040 1727 2253 1801 acceperunt,

354 1814 358 1823 ’
476 1811 557 1880 uduo
583 1805 822 1895 locupletibus,
848 1813 886 1869 ut
912 1798 962 1870 iris
986 1801 1156 1871 invideant
1179 1799 1349 1892 christiani
1385 1817 1421 1868 ut
1448 1798 1489 1867 de
1511 1795 1593 1881 luda
1615 1797 1906 1895 loquitanetrus,
1932 1802 2046 1871 Acii.
2069 1827 2122 1887 ¹7·
2152 1804 2254 1877 lfido.

470 1902 668 2001 principes?
694 1905 773 1997 qnid
796 1898 969 1992 episcopis,
995 1903 1109 1994 quitor
1133 1900 1253 1991 oppida
1268 1899 1347 1997 pos·
1390 1921 1457 1983 rus,
1474 1895 1531 1966 lib.
1551 1898 1626 1970 Vll.
1648 1900 1789 1989 etymol.
1808 1922 1878 1991 cap.
1900 1923 1954 1974 ra.
1979 1905 2012 1975 rit
2036 1904 2153 1975 citatur
2173 1910 2208 1975 in
2225 1933 2257 1984 c.

394 2063 399 2069 .
465 2006 599 2105 fiderit,
625 2016 739 2074 ornet
762 2000 862 2071 dicum
886 1999 925 2065 dr
945 1997 1120 2090 praediis?
1148 1999 1241 2092 Quid
1256 2000 1342 2090 surn-
1388 1995 1511 2068 Oleros
1538 1993 1608 2067 dili.
1637 2023 1694 2068 rr.
1746 1997 1859 2071 Cieros
1879 1993 1925 2071 δ’
1946 1998 2075 2095 clericos
2102 2000 2175 2075 ltine
2198 2000 2267 2076 od-¹

477 2109 535 2175 nris
560 2099 794 2196 pontificibus,
829 2100 886 2195 qui
905 2120 971 2189 pro
996 2098 1093 2189 censu
1126 2093 1173 2168 &⁰
1196 2099 1344 2190 praediis
1383 2091 1524 2193 pullatos
1544 2097 1726 2179 credimur,
1752 2099 1830 2191 quin
1849 2098 2013 2171 Matthias
2019 2098 2255 2193 sortiendo

410 2271 415 2277 .
476 2208 572 2277 etiam
590 2195 847 2297 belligerantur?
871 2196 945 2284 lV.)
973 2198 1013 2269 In
1032 2199 1205 2289 primitivo
1223 2198 1343 2296 cerlestn
1390 2196 1453 2290 est,
1478 2198 1731 2292 quamprimum
1753 2219 1815 2287 per
1834 2196 1995 2291 apostolas
2010 2201 2145 2297 legimus
2167 2188 2257 2278 ordi·

440 2374 442 2379 ,
472 2305 542 2402 jum
564 2305 638 2371 oiim
661 2301 811 2396 usttntnm
824 2297 915 2390 suit,
942 2295 1264 2394 minijirorerclcfiue
1285 2301 1347 2368 nd.
1436 2309 1561 2369 unium.
1613 2294 1704 2387 Vide,
1724 2289 1931 2365 Meisuer‘um
1956 2317 2037 2379 part.
2061 2300 2103 2372 ll.
2131 2303 2207 2400 phi·
2252 2292 2258 2299 ’

472 2396 599 2498 pedore
623 2400 762 2490 cirritos.
804 2394 1216 2486 ean.apofl.12.13.15.
1246 2397 1347 2477 runcir
1562 2387 1624 2473 los.
1652 2387 1770 2464 sobria:
1794 2388 1873 2465 seu.
1901 2422 1935 2468 ι.
1961 2419 2033 2495 cap.
2062 2420 2097 2496 ι.

478 2506 559 2578 lium
578 2504 723 2581 Nicaea,
743 2519 815 2571 tau.
831 2518 858 2568 ι.
877 2515 906 2566 2.
919 2518 949 2583 3.
970 2515 1003 2575 8·
1059 2490 1286 2572 Tertullianus
1308 2499 1350 2570 dr
1764 2515 1800 2592 ‘lt
1831 2520 1885 2568 ιο.

1209 2685 1520 2769 canTlI.

477 2861 548 2943 ro
597 2847 691 2938 o'rr
748 2856 1169 2950 rruruucrur,
1230 2862 1302 2936 nu
1359 2857 1552 2934 orruu
1607 2853 2003 2937 urutsrnurvu
2060 2862 2261 2985 rccnn,

1164 2991 1541 3068 slusTrcer

784 3192 821 3286 ς.
847 3191 997 3265 XXXIX.
1024 3183 1106 3264 Dari
1132 3182 1352 3289 minillerinm
1392 3191 1476 3266 lnior
1504 3189 1648 3262 mulieris
1671 3189 1852 3261 contrituro
1878 3198 1974 3284 caput
1988 3185 2161 3284 serpenti
2181 3212 2259 3288 pro·

475 3277 620 3375 ‘inm'
637 3278 685 3335 ’'²¹''
736 3285 988 3363 ecclesiasticum
1021 3294 1163 3388 probant
1204 3291 1246 3380 l.)
1276 3318 1354 3364 eun·
1392 3290 1572 3390 mulgarit,
1595 3310 1633 3360 ac
1657 3283 1796 3360 miseros
1812 3286 2034 3386 protoplastos
2052 3311 2092 3359 ex
2107 3286 2260 3361 faucibua'

476 3361 618 3495 ”Jsti'ulm
644 3375 685 3479 ’ξ’
735 3409 868 3461 mer-ata
893 3391 1059 3480 ministerii
1079 3392 1352 3487 ormiuistroruur
1391 3386 1526 3475 satana,
1552 3393 1670 3461 mortis
1695 3393 1730 3459 ὅ(
1757 3384 1948 3460 inferorum
1970 3387 2031 3456 hac
2057 3382 2259 3459 consolatio·

474 3439 684 3586 {miiaiin
734 3486 1132 3584 ecclesiaradprllntionrs.
1185 3486 1353 3587 Qorsuru
1392 3515 1435 3561 ne
1452 3487 1592 3586 eripuit:
1618 3487 1706 3559 Gen.
1725 3487 1783 3560 111.
1813 3513 1871 3568 ις.
1893 3480 1992 3556 fuisse
2012 3489 2102 3556 enim
2119 3486 2187 3560 Du
2205 3485 2261 3557 Fi·

478 3606 527 3670 1.)
564 3593 686 3675 Adpedu-
738 3591 828 3656 euim
863 3602 913 3655 tot
943 3611 1012 3657 nou
1045 3583 1153 3661 solum
1185 3594 1352 3678 uomina,
1392 3587 1498 3665 lium,
1526 3592 1581 3680 qui
1611 3582 1865 3678 promissionem
1898 3584 1990 3654 illam
2015 3583 2156 3679 protulit
2167 3605 2199 3673 ,²
2212 3602 2260 3655 te·

393 3681 397 3690 “
476 3681 574 3740 rioms·
735 3678 791 3752 sed
813 3688 911 3753 etiam
932 3685 1121 3757 honorifica
1142 3693 1297 3758 encomia
1319 3694 1355 3760 in
1391 3682 1711 3781 staturparaphrasta
1730 3682 1921 3769 chaldaica,
1948 3707 1980 3753 v.
2001 3701 2031 3759 t.
2076 3686 2261 3758 Etoudie·

363 3799 365 3804 ·
513 3832 529 3910 )
563 3831 664 3893 Dm&
730 3777 991 3875 scripturishnic
1012 3784 1124 3856 ordini
1146 3786 1356 3884 adfignareu-
1391 3785 1721 3869 ruutuaremurrbi,
1750 3781 1928 3868 Memmii,
1964 3783 2259 3858 DominiDeinut·

425 3923 427 3927 '
474 3859 539 3977 :uni
551 3912 649 3994 series.
733 3900 812 3965 tur,
845 3878 868 3951 st
896 3885 931 3949 in
959 3881 1094 3953 ecclesia
1120 3883 1192 3957 talis
1217 3884 1353 3983 quidam
1392 3886 1535 3959 balantis
1554 3888 1591 3956 iu
1608 3883 1702 3955 horto
1712 3925 1724 3967 ,
1746 3907 1846 3980 quatu
1863 3878 1990 3953 secutus
2005 3882 2173 3965 lohannes
2191 3883 2217 3954 1.
2231 3907 2259 3955 ι.

740 3981 828 4050 ordo
852 4002 920 4049 non
945 3979 1120 4055 exilaret?
1151 3985 1215 4075 ll.)
1243 3981 1352 4057 dolio·
1392 3982 1518 4056 Filium
1539 3984 1605 4056 Dei
1618 3991 1722 4053 uocat
1736 3981 1863 4076 λόγον,
1889 3983 1966 4079 quia
1987 3974 2112 4052 scilicet
2136 4003 2199 4078 per
2221 3977 2261 4050 il·

476 4101 548 4151 rum
571 4072 711 4171 eeclesiae
721 4077 755 4170 s
752 4082 834 4148 eries
852 4104 871 4147 a
889 4082 997 4172 prima
1014 4083 1092 4152 inde
1108 4085 1226 4154 mundi
1248 4087 1355 4181 origi·
1392 4086 1464 4154 lum
1479 4079 1566 4154 sada
1584 4081 1627 4153 eil
1649 4083 1744 4169 huius
1760 4078 1886 4150 decreti
1907 4078 2147 4176 promulgatio.
2189 4080 2260 4151 lre·

474 4172 637 4271 unusque
658 4177 699 4243 ad
725 4175 836 4246 nollra
859 4196 1011 4272 tempora
1032 4185 1234 4250 continuata.
1286 4183 1354 4251 Sta·
1394 4205 1482 4252 natus
1507 4180 1565 4256 lib.
1591 4181 1649 4252 ΙΙΙ.
1683 4203 1754 4273 cap.
1786 4196 1840 4256 re.
1862 4183 1896 4250 ἅ
1925 4179 1982 4249 lib.
2010 4179 2069 4252 IV.
2097 4199 2170 4273 cap.
2206 4204 2259 4261 ¹⁴·

477 4282 540 4349 titu
567 4294 733 4367 namque,
772 4300 848 4344 cnm
873 4275 1069 4373 protoplasti
1086 4275 1187 4349 ell'eut
1208 4278 1354 4366 conditi,
1394 4280 1442 4351 Ut
1465 4297 1575 4350 autem
1597 4280 1690 4349 Pater
1708 4283 1742 4350 ἁ
1760 4277 1862 4347 Filius
1889 4273 2037 4347 officinm
2055 4273 2201 4348 docendi
2222 4280 2260 4346 lu

479 4399 520 4446 ex
541 4394 668 4464 ,arcana
689 4373 863 4463 majestatis
885 4368 961 4444 sede
991 4377 1151 4471 prodiens
1181 4375 1273 4448 Deus
1291 4384 1359 4475 pri·
1394 4372 1544 4478 paradiso
1573 4377 1752 4461 inchoare,
1779 4382 1810 4448 de
1837 4377 1899 4445 hac
1921 4378 2098 4447 rationein
2122 4378 2262 4471 propria

355 4496 365 4542 2
477 4498 572 4547 nunu
597 4474 884 4543 concionatorem
913 4478 981 4569 egit
999 4474 1216 4573 promulgato
1246 4472 1357 4550 solen·
1393 4471 1533 4576 persona
1550 4474 1771 4547 miuilleri'um
1792 4472 2042 4544 eeclefiassicnm
2067 4465 2263 4543 consecrare

473 4577 509 4645 ni
535 4569 697 4640 mundato
726 4568 768 4641 de
796 4594 866 4642 non
884 4572 1099 4644 comedendo
1123 4579 1233 4645 vetita
1257 4577 1374 4648 arbo··
1394 4577 1595 4658 voluerunt,
1617 4580 1663 4658 ita
1681 4598 1817 4672 quoque
1832 4575 1971 4669 Spiritui
1987 4568 2113 4642 sandius
2130 4557 2264 4642 easdem

434 4762 436 4766 Ι
474 4665 679 4753 risfrudlu,
706 4668 793 4741 Gru.
819 4670 1213 4754 11.17.1utexercendae
1237 4675 1356 4747 obedi·
1395 4671 1617 4766 concionandi
1637 4690 1744 4771 partes
1760 4669 2013 4758 administravit.
2064 4671 2264 4744 Cumenlm

478 4774 576 4844 entiae
594 4814 606 4847 ,
645 4767 685 4832 ad
720 4790 821 4865 quarn
856 4764 1015 4864 persenis
1048 4771 1171 4841 viribus
1209 4772 1358 4868 inllrudii
1397 4776 1469 4848 Eva
1492 4797 1532 4843 ex
1556 4770 1640 4845 Adae
1657 4772 1744 4842 colla
1764 4767 1923 4840 adificare
1943 4766 2002 4868 ipsi
2022 4765 2265 4858 adduceretur,

354 4874 358 4885 '
478 4887 603 4953 erant,
645 4869 823 4937 materiam
852 4869 953 4965 primi
979 4873 1114 4961 generis
1139 4871 1276 4942 humani
1304 4896 1361 4967 pa·
1398 4870 1482 4943 dixit
1509 4870 1677 4943 Adamus:
1711 4880 1780 4950 Hoc
1801 4894 1887 4940 nuuc
1911 4894 1948 4939 or
1976 4869 2265 4962 rxoffibustnrir,
2296 4865 2298 4869 ’

317 4967 320 4979 ’
396 5029 398 5031 .
476 4991 587 5040 rentes
614 4959 804 5052 haberent,
829 4958 1140 5063 sequelrocmndo
1164 4970 1364 5062 gratcsDeo
1401 4969 1727 5059 &eniodecnrur
1753 4993 1849 5054 inea,
1883 4969 1958 5039 linet
1983 4968 2266 5040 vocaruurvi'ra·

474 5068 621 5148 creatori
648 5060 851 5154 praeliarent.
903 5061 977 5133 Poll
995 5059 1288 5164 transgrefftonern
1304 5068 1366 5138 ltu·
1397 5093 1463 5168 go,
1487 5075 1566 5168 quia
1582 5074 1621 5138 dr
1642 5065 1833 5160 virosumto
1854 5067 1907 5157 est.
1962 5069 2144 5161 Propterea
2154 5059 2267 5155 {reliu-

472 5170 524 5262 jus
553 5162 715 5265 praerepti
741 5161 930 5292 F⁵¹¹⁰.⁸..D⁶¹
948 5166 1239 5267 proterangelinm
1256 5167 1368 5267 dese·
1405 5182 1482 5267 quet
1505 5170 1599 5248 ionio
1616 5183 1746 5267 patrm
1773 5165 1819 5250 &⁴
1840 5166 1975 5268 iuutrcru
1987 5162 2267 5342 [ιιαιιηὸῖησῶ
