5442 6225
585 524 606 577 :-
633 485 769 601 sicu
795 524 838 604 v.
890 509 1233 631 stncrnrmna'
1258 519 1570 639 succi-:seruus
1593 518 1865 599 neutonam
1935 572 1941 585 ι
2070 552 2143 627 a1a

361 702 517 786 -mrtte‘r
531 710 663 781 omniuo
690 703 902 805 quibusdem,
928 708 1018 803 qaod
1044 702 1086 780 ob
1106 700 1239 794 desesia-
1273 705 1460 775 Mertiunm
1485 701 1648 798 primum*
1664 696 1809 775 historiae
1830 700 1920 774 illiue
1933 702 2006 779 'ello
2025 708 2140 781 audie-

362 815 496 883 'tionem
504 807 593 904 felii
613 809 818 903 haeserint,
843 828 901 878 aer
924 809 1028 907 igiter
1042 807 1184 899 ponitur
1204 804 1240 874 in
1273 824 1368 889 rem,
1392 804 1469 970 (puin
1485 800 1654 905 Marianus
1667 802 1785 872 Scorus
1801 805 1893 873 anuis
1910 829 1992 889 ²³4·
2014 805 2140 879 illosu-

370 911 525 1006 catalogo
533 906 728 1003 sensionem
739 906 925 999 ponctificatus
948 917 1014 976 taen
1023 915 1239 998 proptertnat·
1272 904 1388 997 perior
1412 923 1467 970 sne
1487 895 1555 969 ulla
1571 903 1770 971 circuitione
1791 899 2140 980 rnonslrosumill‘um

362 1012 505 1082 -liebreet
512 1009 885 1104 sexem,qrrempropter
898 1006 1136 1100 deformitatem
1137 998 1237 1100 [αθὶ.
1270 1023 1363 1098 pepe
1376 1016 1507 1093 pactum
1521 996 1662 1097 publice
1678 993 1922 1094 luciexposuit.
1942 1002 2146 1076 niceteria
2190 1074 2195 1086 ,
2247 1054 2253 1063 1

374 1107 461 1180 Haec
478 1105 536 1177 ille
553 1098 866 1202 historiographus,
892 1105 934 1172 de
950 1125 1097 1198 qttorum
1115 1104 1238 1171 nerita-
1270 1123 1332 1169 nus
1347 1120 1389 1169 ex
1400 1098 1509 1169 Scotia
1523 1101 1558 1168 in
1567 1094 1785 1169 Germaniam
1799 1094 1969 1195 professus
1981 1105 2017 1170 in
2034 1104 2139 1174 tribue
2316 1106 2320 1113 '

366 1222 408 1276 tc
425 1228 487 1299 per
503 1204 716 1302 odiingentos
733 1200 840 1272 ferme
859 1223 963 1272 anuos
984 1206 1020 1272 in
1038 1194 1112 1296 lpso
1127 1202 1238 1296 ponti·
1271 1194 1579 1267 henedisiinurum·
1594 1195 1819 1267 contuberniis
1835 1201 1937 1276 vixit,
1949 1197 2140 1285 colonicus

376 1299 463 1378 snio
489 1326 596 1400 regno
624 1325 792 1399 nunquam
811 1324 828 1372 a
857 1323 1027 1398 quoquam
1055 1295 1241 1368 dubitatum
1262 1293 1318 1380 h,
1333 1290 1487 1366 Fuldenst
1504 1294 1782 1389 &Mogontinm
1799 1312 1954 1392 atqueex
1971 1295 2142 1372 vetullilb·

374 1399 432 1470 vel
461 1395 698 1496 disceptatum,
730 1396 866 1471 summe
898 1403 999 1497 igitur
1025 1396 1242 1495 impudentic
1274 1396 1337 1465 mia
1367 1389 1508 1463 illorum
1535 1398 1571 1465 dt
1609 1390 1756 1463 eliorum
1792 1394 2024 1473 coenobiorum
2050 1395 2144 1469 libris

368 1497 574 1573 &audaciae
591 1495 713 1585 suerit,
739 1517 806 1567 tam
826 1499 949 1568 multus
968 1502 1003 1570 dt
1026 1487 1240 1592 graves'scri·
1274 1493 1464 1564 chronicon
1495 1483 1590 1561 strum
1620 1488 1787 1586 collegit,
1817 1510 1854 1561 ut
1884 1480 1927 1565 de
1962 1495 2142 1592 sigeberto

376 1615 517 1695 ptores,
551 1621 696 1693 quorum
719 1591 997 1666 consentientium
1015 1588 1242 1664 monumentis
1274 1584 1533 1673 Gemblacenst,
1555 1585 1739 1685 liudolpho
1764 1587 1982 1676 flaviacensi,
2013 1594 2144 1683 Otrone

376 1691 526 1790 expressa
542 1694 565 1764 li
591 1712 648 1791 uet
666 1699 797 1782 veritas,
815 1691 978 1765 mendacii
994 1687 1166 1787 cujusdam
1190 1712 1242 1759 er·
1273 1684 2146 1856 Friliugeust&aliisppamplurimiuquianteMar·
2188 1774 2190 1778 ,
2259 1718 2263 1726 ·
2345 1771 2349 1775 ,

378 1817 498 1889 gnere.
543 1720 679 1864 Oluald.
700 1792 850 1862 Crollius
875 1794 908 1860 in
931 1792 1104 1863 itinerario
1125 1786 1241 1860 ltalico
1277 1793 1387 1860 tinum
1415 1783 1610 1857 Polonum·.
1647 1784 1835 1883 riplerunt,
1865 1786 1954 1861 nihil
1981 1787 2144 1869 dicautur.
2238 1788 2245 1809 ‘

376 1910 575 1980 naetuorat,
599 1890 691 1960 Senis
714 1896 747 1961 in
770 1888 899 1985 templo
923 1886 1101 1960 cathedrali
1119 1887 1244 1957 Catha-
1282 1881 1322 1983 a)
1347 1888 1450 1981 Quod
1468 1883 1670 1989 Anastasius
1684 1885 1995 1961 biblioihecnriusirs
2013 1890 2147 1965 chroni-
2177 1970 2185 1987 .-

365 1991 460 2060 'rinc
487 1996 641 2060 omnium
663 1990 895 2059 Romanorum
921 1983 1119 2084 pontificum
1140 1981 1242 2056 saciet
1280 1995 1351 2057 trito
1370 1984 1493 2082 pontis.
1508 1988 1645 2081 itemque
1662 1988 1736 2059 Ado
1755 1987 1971 2085 Victumulis,
1997 1995 2146 2065 Aaeee·
2208 1992 2236 2069 ς’
2305 2006 2310 2013 “

329 2090 332 2109 “
377 2082 567 2184 sculptesin
587 2110 756 2157 marmore
777 2086 1016 2171 viderivdtin
1034 2086 1086 2155 his
1129 2103 1241 2178 noque
1277 2108 1345 2168 res,
1365 2083 2150 2181 ReginoPrnnenfls,HernaeuusContte3es,

378 2181 441 2256 stro
458 2182 577 2256 ordine
594 2189 737 2281 reperiri
752 2185 925 2258 iohannem
933 2207 1052 2283 papam
1071 2107 1243 2276 adlcriptis
1279 2185 1469 2260 Lambertrrs
1503 2180 1849 2281 schaffnaburgeuftr,
1887 2186 2065 2261 Corradus
2104 2194 2148 2265 de
2263 2208 2269 2217 ‘

378 2284 432 2355 his
449 2283 587 2355 verbis:
613 2286 759 2358 hirmino
786 2282 914 2384 Angla.
969 2284 1245 2383 Antoninusme-
1282 2281 1483 2370 Lichteneu,
1511 2287 1574 2350 Leo
1594 2280 1745 2381 Ostimfis
1775 2280 1823 2355 &l
1837 2284 2012 2384 Johannes
2032 2298 2152 2364 Geato·

379 2400 512 2466 uteret,
527 2381 698 2478 quoddam
713 2381 841 2479 signum
859 2380 1031 2479 sculpturae
1047 2402 1246 2451 marmoree
1280 2384 1386 2481 neustr
1400 2382 1483 2452 inne
1497 2384 1537 2450 de
1555 2379 1724 2475 Johanua
1740 2380 1901 2474 hilinum
1918 2410 1994 2457 eron¹
2013 2411 2150 2462 mesmes

380 2483 417 2550 in
438 2486 510 2567 uia,
536 2478 593 2551 ubi
612 2481 782 2551 hocconti
809 2487 898 2568 erit,
924 2481 968 2550 ob
994 2483 1088 2568 hujus
1107 2482 1156 2548 rei
1176 2499 1247 2549 tue·
1280 2493 1420 2553 moreat.
1468 2473 1538 2549 Res
1557 2532 1565 2550 .
1583 2503 1601 2547 a
1620 2481 1702 2551 luco
1717 2479 1899 2553 testimonii
1912 2484 2144 2558 ratiocinando
2215 2556 2217 2560 Α
2306 2504 2308 2509 ·

380 2583 531 2652 moriam
554 2576 696 2672 politum
717 2576 764 2650 sui
795 2604 823 2654 e.
884 2581 981 2655 Felix
1013 2573 1189 2653 Malleolus
1211 2579 1246 2645 in
1279 2598 1399 2677 negate
1418 2501 1603 2674 procedere
1621 2572 1802 2674 presertim
1823 2583 1859 2651 in
1879 2580 2046 2671 hilloriie,
2073 2609 2148 2658 non
2254 2654 2257 2659 ,

381 2675 463 2749 dial.
478 2675 519 2747 de
542 2670 798 2772 nohiltse'serr,
822 2679 1043 2750 henediilum
1063 2676 1120 2748 lll.
1136 2681 1173 2748 in
1193 2676 1243 2744 rel
1278 2679 1440 2775 probatur
1457 2670 1639 2748 sanioribus
1656 2675 1785 2774 logicis.
1839 2680 1933 2762 Quin
1953 2686 2025 2754 ino
2045 2708 2088 2757 ne
2108 2686 2147 2757 in
2246 2724 2249 2735 ·

382 2779 588 2846 memoriam
610 2794 735 2848 certam
756 2772 869 2848 sellam
891 2775 976 2875 apud
995 2776 1116 2863 Juhan.
1147 2775 1245 2843 Late·
1276 2772 1376 2849 sacris
1390 2772 1528 2874 quidem
1536 2772 1702 2848 historicis
1716 2791 1839 2872 negate.
1849 2779 2008 2853 concludi
2024 2780 2145 2880 potcll,

380 2867 557 2945 rauensem
569 2871 734 2972 pertusam
748 2869 914 2964 creuisse,¹
928 2890 1002 2974 quc
1014 2896 1117 2972 utque
1130 2877 1165 2946 in
1182 2873 1247 2943 ho·
1280 2876 1488 2961 Mattheus,
1513 2871 1650 2945 Marcus
1666 2878 1701 2948 dt
1716 2874 1963 2953 LucasChrisli
1990 2906 2067 2954 cum
2088 2882 2146 2955 Sa·
2181 2935 2182 2939 η

382 2968 541 3044 diernum
562 2973 653 3043 diem
666 2993 876 3072 compareat,
895 2971 936 3044 ad
954 2976 1022 3045 hoc
1038 2990 1245 3142 coaptatam,
1280 2977 1442 3049 matituna
1457 2968 1669 3070 colloquium
1680 2996 1719 3044 ac
1733 2972 1849 3047 lineari
1863 2972 2147 3053 resuscitationem
2165 2996 2170 3003 ·
2276 3012 2281 3023 ‘

366 3089 420 3141 -ut
438 3068 561 3142 elesius
577 3063 722 3146 summus
742 3071 897 3170 pontifex
915 3073 1041 3146 ibidem
1060 3096 1102 3144 co
1118 3070 1246 3145 locetur
1280 3088 1354 3146 non'
1372 3066 1577 3156 describunt,
1604 3078 1732 3170 ergone
1757 3092 1896 3173 propter
1915 3072 1952 3148 id
1970 3070 2147 3177 repudies.

327 3203 332 3264 '.
383 3173 419 3242 &
439 3191 499 3265 per
516 3168 599 3241 duos
614 3172 657 3241 de
677 3171 770 3246 clero
788 3171 856 3243 lide
872 3172 993 3269 dignos
1018 3176 1088 3262 ejus
1104 3166 1243 3246 telliculi
1280 3172 1321 3243 ds
1337 3169 1464 3245 suerit?
1490 3170 1602 3247 Quare
1618 3193 1702 3240 vero
1716 3170 1867 3245 hillorici
1881 3174 1931 3248 illi
1946 3176 2073 3252 nullam
2088 3202 2146 3276 pe.
2217 3179 2219 3184 ’

327 3271 338 3280 ”
381 3265 427 3337 de
455 3262 534 3346 sexu
554 3267 645 3340 virili
672 3268 899 3342 tellimonium
927 3269 1110 3366 praebentes
1133 3266 1244 3337 debite
1279 3264 1366 3365 pissae
1395 3262 1552 3357 foeminae.
1571 3265 1780 3339 mentionem
1802 3267 1916 3344 facere
1947 3275 2145 3358 soluerint,
2283 3257 2288 3281 ’

383 3382 616 3464 tangerentur,
665 3368 733 3440 uod
756 3369 879 3440 Platina
898 3367 941 3439 de
958 3361 1036 3439 sella
1052 3364 1246 3438 llercoraria
1280 3373 1348 3458 ejus
1365 3370 1415 3437 rei
1429 3356 1706 3464 caussareliquis
1720 3389 1790 3440 non
1807 3388 1945 3453 tacetur,
1995 3385 2147 3474 Nonpn.

383 3463 541 3538 humanae
564 3395 750 3564 fragilitatis
782 3471 962 3538 monitrice
1001 3470 1246 3562 interpretetur.
1281 3467 1423 3540 niteris
1440 3470 1589 3562 catalogo
1602 3465 1807 3566 pontificem,
1834 3471 1961 3569 (iuquit
1976 3474 2145 3550 Mettium

383 3563 451 3632 Sed
467 3568 559 3635 enim
573 3569 649 3659 quia
664 3563 858 3662 pudendum
873 3564 1018 3637 dedecus
1037 3561 1247 3636 meretricula
1282 3564 1450 3659 Polonus)
1464 3576 1531 3636 inm
1542 3575 1683 3660 propter
1698 3565 1884 3644 mutierem
1896 3569 2026 3668 fixum,
2048 3598 2148 3675 qnam

384 3658 443 3731 illa
457 3661 564 3760 papali
587 3658 655 3735 sedi
684 3663 816 3749 intulit,
843 3663 922 3736 ideo
945 3666 1147 3754 recentiores
1175 3667 1248 3761 qui·
1278 3677 1418 3761 propter
1433 3663 1671 3761 deformitatem
1678 3665 1781 3765 subii.
1842 3673 1988 3768 Quidam
2001 3674 2149 3773 ferisne.

384 3755 463 3831 dem
478 3755 655 3856 scriptores
671 3761 863 3835 ratiunculis
885 3761 1081 3861 quibusdam
1101 3758 1248 3858 undique
1282 3789 1334 3839 res
1354 3770 1482 3860 (inquit
1512 3764 1706 3863 lienulphua
1724 3773 1761 3844 iu
1789 3769 2150 3870 polychron.)2eotneu

327 3883 336 3912 ε
380 3857 524 3946 corralis‘
545 3861 631 3929 hanc
657 3858 830 3931 historiam
850 3881 1014 3933 conantur
1045 3860 1187 3934 reddere
1199 3855 1258 3931 su·'
1278 3863 1447 3970 Jobaeair
1476 3864 1584 3944 VIII.
1612 3869 1837 3960 reticuerunt,
1866 3868 1914 3945 θ’
1935 3877 2149 3956 Benediliatet

381 3949 549 4054 specium,
573 3957 689 4029 vident
704 3962 794 4029 enirn
813 3984 873 4057 per
891 3984 963 4031 eam
981 3959 1147 4032 ttruuurae
1162 3958 1249 4031 illius
1281 3970 1356 4038 HI.
1373 3966 1478 4037 Leoni
1495 3969 1517 4037 I
1520 3965 1563 4038 V
1559 4019 1569 4041 ,
1575 3964 1789 4059 subsisterem
1803 3963 2150 4068 effiquntuordiemm

381 4053 595 4147 babylonicae
617 4057 659 4127 de
680 4077 836 4154 perpetua
866 4084 884 4129 a
914 4060 1013 4130 Petro
1048 4052 1250 4131 succelsrone
1282 4058 1458 4137 intervallo
1477 4060 1648 4158 scribunt,
1676 4090 1745 4139 eurr
1767 4070 1857 4161 qaod
1880 4070 2061 4163 Juliam
2091 4070 2147 4150 ru,

383 4153 580 4321 praesidium
589 4152 739 4227 funditus
754 4156 852 4232 dirui.
880 4151 1249 4253 Onuphiirts'&aut‘lt›r
1282 4189 1351 4237 aon
1361 4162 1492 4262 fuerit,
1505 4161 1572 4255 sed
1590 4175 1628 4234 et
1651 4167 1738 4238 nihil
1752 4171 1949 4265 ignominiae
1966 4176 2149 4246 aer-aea„

398 4255 554 4326 ibrorurn
570 4257 609 4323 de
622 4256 765 4325 utilitate
781 4258 936 4355 legendae
957 4256 1110 4349 hiflorine
1125 4253 1248 4353 potissi-
1283 4266 1366 4335 euris
1382 4261 1425 4333 ad
1440 4258 1590 4353 sennen
1610 4263 1699 4362 illane
1727 4265 1913 4344 cathedrae
1938 4275 2149 4354 retunderet.

383 4376 480 4422 mum
495 4353 563 4422 hoc
577 4372 720 4451 urgent:
751 4358 783 4441 ι)
804 4361 893 4452 quod
913 4359 1085 4430 Martinus
1106 4359 1251 4431 Putem
1286 4364 1377 4435 Neu
1389 4360 1499 4448 dedite
1512 4384 1614 4456 opere
1630 4363 1876 4462 ascriptoribus
1883 4373 2148 4469 praeteritnrest,
2169 4395 2172 4402 ·

381 4451 583 4549 primusſst,
608 4454 666 4547 qui
682 4477 773 4522 nuno
792 4458 924 4528 Domini
946 4475 1037 4545 ¹3²⁰·
1054 4453 1141 4528 illius
1163 4480 1249 4528 nen·
1283 4486 1322 4533 ne
1335 4485 1402 4557 quo
1417 4461 1614 4552 ignominiae
1634 4460 1706 4536 labe
1723 4462 1818 4560 sedes
1827 4467 1909 4542 inde
1934 4473 2150 4573 adspergere.

384 4551 641 4645 tionemfeeint,
666 4544 763 4645 Resp.
781 4548 845 4621 suit
860 4554 1027 4624 Martinus
1048 4553 1106 4625 ille
1133 4579 1249 4628 trione·
1272 4574 1351 4631 ¹tur.
1400 4561 1569 4634 Nonnulli
1586 4554 1713 4648 (scribit
1731 4565 1966 4664 Trithemius)
1977 4574 2149 4669 smine„

383 4654 467 4722 chus
503 4649 630 4719 ordinis
659 4649 944 4743 praedicatorum,
986 4659 1248 4750 poenitentiarius
1284 4657 1371 4730 illurn
1398 4661 1482 4730 inter
1501 4659 1669 4754 pontifices
1686 4685 1811 4756 ponere
1839 4670 2034 4760 noluerunt,
2060 4679 2149 4776 quast
2196 4700 2199 4704 .

383 4771 478 4919 ειη
500 4744 631 4816 Nl00l²l
649 4748 705 4816 lll·
729 4744 839 4843 POstea
863 4747 1129 4847 archiepiscopus
1156 4754 1249 4846 Con·
1284 4759 1834 4854 indignumfesinusabhorrentes.
1872 4773 1909 4859 3)
1932 4771 2151 4861 Granifflo.

419 4852 543 4920 minus.
601 4846 727 4917 Habuit
751 4848 989 4939 is·Vaticanam
1012 4849 1251 4924 bibliothecam
1285 4878 1406 4942 eneas,
1433 4862 1596 4934 cedrinus
1610 4858 1655 4933 Es
1672 4862 1730 4932 alii
1748 4864 1784 4933 ie
1796 4863 1875 4958 suis
1895 4870 2065 4946 aennllbus
2081 4859 2149 4950 ubre

381 4947 1035 5045 tauquampoenitentiarlus&proximus
1052 4972 1143 5045 papae
1158 4976 1251 5050 aper.
1277 4956 1435 5045 jecerunt
1456 4959 1545 5030 iilius
1564 4954 1713 5056 pnpiffne
1738 4965 1951 5057 mentionem,
1977 4975 2067 5073 quod
2081 4999 2147 5065 pr.

373 5061 474 5129 mm,
502 5041 647 5139 ideoque
665 5067 716 5114 res
728 5041 831 5140 gestas
843 5044 1042 5148 pontificum
1056 5070 1098 5117 eo
1115 5056 1253 5123 nomine
1275 5070 1344 5167 s¹⁸⁰
1359 5079 1437 5154 erga
1455 5059 1635 5142 Romanum
1646 5058 1758 5168 sedern
1776 5065 1852 5134 odio
1874 5089 1943 5140 noe
1956 5067 2136 5172 'anijiffmt

382 5136 740 5317 ineptisscigplpotui't.
790 5142 856 5216 Sed
873 5139 1045 5219 &falsum
1070 5143 1134 5237 cll,
1159 5148 1250 5224 hunc
1271 5157 1407 5329 speriti
1424 5159 1494 5230 neri
1507 5151 1752 5257 sabeffenisnn
1765 5155 1896 5257 χαψε,
1944 5165 2042 5270 pesp·
2058 5131 2166 5248 diupi.

475 5262 539 5316 Μ’
628 5290 639 5312 ⁰
1024 5319 1040 5332 -
1155 5315 1157 5319 -
1371 5276 1389 5326 r
1547 5289 1557 5324 .·’
2104 5271 2153 5347 est
