5442 6225
441 568 597 648 onon.
621 560 877 642 stoctmm
906 563 969 638 ne
994 562 1174 639 vmom
1200 559 1382 661 momen.
1409 532 1556 639 inrita
1581 560 1634 637 se
1661 545 1730 638 er
1752 563 1864 649 cvm
1887 566 2068 647 emmo
2120 592 2145 668 3

441 762 547 822 -uota
571 773 667 822 uerae
688 748 838 847 ccciefiac.
886 741 983 841 Resp.
1014 746 1064 838 ι.)
1094 744 1147 815 Ex
1172 738 1249 814 scri·
1270 730 1783 846 sarteuoafitdrjurcdiuicro,
1815 752 2143 845 Romanumpantifi„

442 848 698 948 reprobandum
712 869 781 919 erat
797 852 864 917 hoc
887 843 1009 940 papalis
1026 842 1104 916 fidei
1123 846 1246 938 princi·-
1273 867 1334 916 cem
1351 848 1581 918 cciRomauutrt
1592 847 1771 940 pontificem
1785 855 1880 919 Petro
1893 849 2071 937 succedere,
2088 863 2141 923 ta-

441 977 473 1021 m
493 954 527 1022 &
553 944 826 1029 fundamentum,
855 942 946 1041 qnod
973 968 1055 1041 papa
1076 944 1246 1015 Romanus
1274 969 1346 1015 enea
1370 949 1415 1015 ad
1427 946 1534 1039 fidem
1561 943 1749 1018 catholicam
1773 947 1810 1015 id
1833 950 2013 1039 pertinere.
2063 959 2141 1025 Non

441 1066 528 1144 :aput
547 1041 708 1128 ecclcsiae,
734 1050 768 1117 a
781 1042 872 1140 qood
885 1041 1080 1132 conjunctio
1098 1064 1175 1111 cum
1191 1063 1244 1135 pa·
1276 1046 1362 1114 cuiue
1378 1042 1422 1139 ιβ
1442 1048 1542 1128 idem,
1567 1046 1696 1142 aliquid
1708 1042 1767 1143 effe
1793 1046 1834 1115 de
1843 1044 1940 1141 fide,
1968 1044 2016 1120 δ’
2025 1043 2083 1142 effe
2101 1056 2145 1121 dc

450 1149 607 1216 Romano
630 1141 665 1213 stt
692 1167 768 1213 cera
792 1139 935 1212 ecclesnc
959 1163 1056 1230 nota,
1082 1137 1243 1237 squidem
1270 1144 1347 1242 jure
1373 1147 1496 1217 diviua.
1548 1145 1622 1241 Etfl
1640 1147 1747 1241 igitur
1761 1156 1937 1218 Romanum
1950 1144 2141 1239 pontificem

441 1264 500 1316 cnr
514 1235 580 1337 ipse
595 1240 812 1311 Beliarminne
823 1239 882 1314 lib.
895 1243 932 1311 ΙΙ.
950 1243 992 1309 de
1003 1261 1241 1332 conc-,capeto
1275 1251 1371 1315 Petra
1373 1244 1549 1336 succedere
1564 1240 1644 1315 aao'
1660 1244 1819 1316 habeatur
1841 1243 1983 1341 exprffe
2001 1249 2039 1317 iu
2052 1245 2143 1338 scri·

441 1369 507 1414 rum
520 1343 737 1436 scripta-eron
761 1336 912 1436 effcfidei
929 1341 1079 1436 regulas,
1104 1361 1162 1408 uec
1182 1337 1239 1407 ita-
1268 1344 1397 1433 pteris,
1427 1354 1533 1413 tamen
1545 1342 1722 1435 succedere
1737 1344 1878 1438 aliquem
1891 1352 1992 1416 Petro
2009 1349 2142 1418 deduci·

441 1467 451 1512 ι
467 1445 673 1513 autoritatem
689 1443 866 1538 obligandi.
897 1443 944 1508 Ac
957 1439 1113 1508 Thomas
1122 1455 1204 1532 part.
1216 1437 1240 1507 Ι.
1272 1452 1330 1510 tur
1343 1445 1512 1512 euidenter
1526 1442 1769 1537 exscriptum,
1783 1443 1873 1512 isium
1885 1439 2059 1540 autemeffc
2069 1447 2149 1516 tto·

448 1560 562 1616 ‚orta
590 1533 759 1634 agnoscit,
784 1564 824 1609 ex
837 1534 929 1609 didit
941 1548 1074 1628 patrum
1093 1560 1160 1633 uon
1179 1534 1240 1631 reis
1272 1563 1399 1611 manuue
1411 1538 1614 1636 pontificem,
1641 1539 1779 1611 seabetur
1794 1563 1834 1609 ex
1853 1544 2035 1612 traditione
2058 1567 2141 1637 apo·

441 1642 590 1710 babiiiter
610 1641 645 1708 ia
666 1642 815 1709 articulis
826 1638 912 1733 fidei
939 1639 1066 1731 aliquid
1084 1635 1238 1706 concludi.
1264 1636 1376 1727 dolica
1393 1642 1500 1725 Petri,
1526 1665 1621 1737 quaec
1635 1643 1842 1712 traditionem
1853 1641 1987 1711 caecilia
1997 1664 2143 1738 genera·

441 1762 547 1809 ivero
576 1739 627 1826 e.)
645 1742 677 1806 in
692 1732 972 1832 scriptttrisaltum
1001 1737 1041 1805 de
1055 1737 1120 1804 ho‘c
1133 1740 1239 1829 capite
1272 1737 1341 1814 iia,
1368 1738 1563 1832 perutificum
1589 1744 1717 1809 decreta
1744 1735 1788 1825 ὅ
1811 1750 1943 1829 patrum
1966 1739 2140 1835 eonseafiet

441 1835 519 1906 iestae
535 1834 1019 1928 Ronmoopapneststlentium.
1057 1835 1251 1919 Quteenim¹
1273 1839 1463 1908 declaravit.
1516 1836 1611 1936 (Vbi
1643 1832 1767 1908 fatetur
1797 1834 2037 1926 Bessetminm,
2069 1863 2141 1909 non

441 1934 566 2016 illude
580 1940 721 2025 prinmo
736 1936 822 2004 Petri
841 1929 1080 2027 proferuntur,
1106 1954 1143 1999 ca
1159 1953 1239 2025 prae·
1272 1930 1364 2031 posse
1382 1959 1422 2004 cx
1443 1929 1609 2030 scriptorio
1625 1930 1769 2022 deduci,
1793 1934 1884 2032 qnod
1904 1936 2057 2033 pontifex
2070 1936 2143 2025 Ro·

441 2054 526 2129 {uam
553 2032 643 2127 qood
670 2027 785 2103 vitiose
811 2051 1022 2127 exponuntur
1038 2029 1080 2099 de
1101 2051 1238 2098 monor·
1272 2057 1388 2103 nranue
1405 2034 1503 2104 Petro
1516 2027 1718 2116 successerit,
1747 2032 1780 2101 id
1795 2030 1992 2128 quodnobis
2008 2029 2139 2121 sufficit,

441 2157 469 2202 :a
490 2128 632 2228 qondam
650 2133 683 2198 in
702 2129 849 2225 reliquos
870 2126 1036 2224 apostolos
1058 2125 1239 2222 potestate,
1276 2134 1333 2226 qni
1354 2127 1522 2226 scriptura
1537 2129 1779 2226 plenitudinem
1796 2126 1990 2217 adoremus,
2014 2158 2052 2203 ac
2084 2137 2159 2202 ro·'

458 2255 527 2299 non
547 2233 712 2323 pertinent
728 2233 768 2298 od
785 2252 901 2324 papam
916 2228 1123 2309 Romamnn,
1140 2247 1239 2317 quem
1275 2228 1354 2298 inde
1367 2228 1561 2325 pontificem
1578 2253 1642 2326 pro
1665 2224 1808 2298 ecclesiae
1829 2233 1936 2323 copite
1958 2254 1974 2296 a
2001 2158 2143 2303 oosdcte

441 2329 654 2424 patriarcham
672 2326 1091 2421 Coossontioopolitanum.
1112 2325 1240 2418 Legem·
1273 2350 1344 2399 non
1359 2320 1563 2424 possennus.)
1617 2326 1657 2412 ς’)
1675 2324 1843 2421 Scriptura
1858 2349 1928 2397 oon
1940 2254 2050 2400 sosimt
2064 2324 2140 2400 nus·

441 2480 444 2503 ,
470 2419 697 2522 qrraeoperose
718 2422 858 2522 disputat
880 2423 1095 2494 Bellerminne
1117 2419 1175 2495 lib.
1192 2419 1237 2494 ll.
1272 2428 1362 2522 piam
1382 2425 1483 2512 dicit,
1506 2448 1624 2522 papam
1637 2424 1827 2494 Romanum
1843 2417 1907 2494 effe
1920 2423 2064 2498 ecclesiae
2083 2449 2140 2497 ca·

444 2522 602 2622 pontifice
620 2523 778 2593 Ronmno
798 2549 867 2613 cop.
889 2550 940 2595 ιι.
963 2542 998 2590 ut
1020 2520 1157 2616 probet,
1177 2542 1239 2610 pa·
1273 2541 1352 2616 put,
1377 2518 1433 2594 sed
1457 2531 1556 2594 etiam
1579 2523 1790 2593 contradicit.
1835 2520 2144 2596 Nullum'enima-
2179 2548 2183 2553 ·

441 2649 449 2692 ι
469 2628 646 2697 Raraunum
666 2626 701 2691 ia
716 2622 911 2721 cecicſsasiica
934 2620 1120 2691 monarchia
1134 2617 1240 2704 sacte-
1274 2619 1359 2690 lium
1373 2629 1525 2693 nominat
1550 2623 1690 2720 eccseflae
1706 2629 1803 2714 caput
1826 2643 1927 2716 quam
1945 2621 2139 2712 Christum,

441 2747 451 2790 ι
470 2733 566 2794 Petro
576 2750 590 2803 ,·
615 2726 648 2791 dr
660 2721 788 2813 liquido
801 2720 993 2816 adparebit,
1019 2742 1118 2813 quam
1132 2713 1238 2786 inani·
1272 2718 1361 2814 lipia
1371 2720 1397 2792 1.
1411 2746 1466 2792 ee.
1494 2721 1535 2794 V.
1555 2747 1612 2805 24·
1634 2718 1858 2816 nec-sponsum
1877 2719 1979 2792 alium
1995 2718 2143 2792 ecclesiae

443 2824 482 2892 ’ἅ
500 2816 631 2889 frivolis
646 2826 781 2916 argutiis
802 2822 887 2890 hanc
898 2818 1059 2915 summam
1079 2819 1128 2887 rei
1151 2813 1239 2885 citri·
1272 2816 1441 2889 constituit
1466 2835 1585 2914 praeter
1605 2816 1797 2903 Christum,
1820 2814 1900 2915 Joh.
1918 2818 1977 2891 111.
1995 2845 2051 2902 ²9·
2077 2843 2142 2893 nec

441 2944 500 2991 uae
518 2921 577 3007 (ita
599 2920 688 2988 enim
711 2924 891 3012 primatum
916 2941 1014 3014 ¹popae
1047 2916 1239 2985 monarchi·
1271 2910 1507 3014 α’ρχιποιμὲνιι
1524 2916 1660 2989 alianto
1688 2911 1794 2988 noscit
1806 2938 1906 3011 quam
1916 2913 2027 2988 solum
2036 2919 2148 2990 Chri-

441 3017 611 3112 radpelsat
631 3021 664 3085 in
681 3016 874 3111 prefatione
893 3016 966 3085 libri
995 3015 1037 3084 de
1058 3009 1240 3109 pontifice)
1272 3014 1378 3100 ssom3
1407 3016 1483 3098 Joh.
1493 3017 1533 3087 X.
1551 3039 1606 3090 12.
1638 2940 1750 3088 rs'etr.
1764 3013 1806 3085 11.
1823 3038 1881 3095 25.
1907 3013 1994 3099 unde
2008 3015 2147 3110 opossoe

441 3116 600 3189 tonssrare
629 3136 778 3187 conetur.
832 3116 910 3183 Non
935 3111 1130 3184 adferuntur
1153 3109 1240 3179 claro
1272 3108 1334 3181 lica
1348 3119 1382 3184 ἁ
1396 3118 1565 3198 primitivo
1582 3110 1718 3184 ecclesio
1735 3108 1963 3216 aposplormn
1978 3120 2145 3209 tempori·

441 3211 558 3286 diserto
582 3206 748 3303 scriptura
775 3213 987 3297 testimonio,
1027 3206 1081 3279 sed
1106 3215 1240 3278 incerto
1274 3208 1332 3278 bus
1351 3216 1514 3304 proxima'
1526 3209 1722 3308 pontificem
1743 3212 1933 3281 Romanum
1952 3235 2019 3279 non
2036 3237 2144 3308 agno.

443 3340 500 3385 um
517 3310 716 3400 conjetturae
740 3317 773 3381 δι
791 3311 875 3379 male
890 3311 1094 3398 cohaerentes
1105 3306 1242 3374 conclu·
1273 3311 1319 3376 vit
1333 3330 1397 3401 pro
1413 3307 1556 3379 ecclefiae
1573 3314 1698 3406 capite,
1726 3304 1781 3377 sed
1797 3310 1885 3377 hunc
1901 3309 2071 3380 honorem
2083 3315 2142 3380 uni

445 3407 537 3483 culae.
591 3412 696 3481 Nemo
712 3414 849 3505 (inquit)
863 3410 952 3501 gcffit
958 3408 999 3499 se
1017 3430 1081 3500 pra
1091 3398 1240 3497 succeffa·
1273 3403 1409 3474 Christo
1424 3405 1600 3503 dependit,
1627 3399 1789 3504 quisolae
1810 3408 2140 3499 vitamaspir'num

441 3513 536 3595 ἰπὶ,
559 3509 611 3579 vei
624 3532 688 3599 pro
707 3511 766 3577 tasi
788 3506 832 3597 ιβ
857 3508 1007 3589 babitus,
1036 3505 1097 3604 uiſs
1125 3505 1243 3596 rpilio·
1272 3501 1417 3592 mystico
1429 3501 1488 3575 suo
1504 3510 1641 3602 corpori
1655 3502 1845 3599 suppeditat.
1898 3515 1936 3591 4)
1961 3505 2054 3575 Olim
2064 3530 2143 3578 cnm

452 3622 612 3685 Romanus
639 3606 686 3680 69
703 3606 936 3681 Antiorhr'nus.
987 3602 1052 3674 Sed
1073 3602 1241 3678 Antioche·
1275 3605 1321 3696 pii
1337 3622 1463 3675 veteres
1475 3604 1747 3693 conjoodtionem
1764 3623 1841 3673 cum
1861 3601 1996 3672 ecclesia
2014 3606 2140 3676 Rotna-

459 3734 528 3782 uore
550 3702 697 3802 succeffit
719 3710 752 3775 ire
775 3706 999 3799 pontificatu.
1026 3706 1104 3798 quia
1131 3712 1246 3775 Petrus
1275 3722 1317 3767 na
1335 3698 1505 3787 colebant,
1532 3704 1649 3771 tradux
1665 3700 1745 3772 fidet
1766 3699 1955 3798 apostolic-2
1975 3708 2008 3773 in
2031 3727 2068 3772 ea
2082 3701 2141 3773 nd·

441 3806 481 3882 {a
500 3805 674 3878 Antiochia
697 3803 868 3899 professus
894 3805 937 3902 est
959 3815 1108 3883 Romam,
1134 3803 1243 3898 ibique
1275 3798 1341 3867 huc
1354 3790 1560 3876 servabatur,
1583 3799 1687 3870 hodie
1701 3823 1783 3869 vero
1799 3786 2146 3967 datdsrinaapossolica
2247 3829 2252 3842 ¹

442 3932 471 3978 ee
490 3904 584 3998 fixit,
613 3902 659 3977 θ’
684 3917 831 3974 mortuus
853 3902 906 3998 ιβ.
960 3909 1057 3998 Ergo
1082 3911 1244 3973 Romanus
1277 3891 1837 3992 multiecorruptelis&erroribus
1858 3896 2142 3993 rstconpurcoto.

441 4006 567 4098 ucceffit.
616 4001 737 4104 (Qasi
761 4028 845 4075 vero
870 4008 914 4087 is,
937 4007 994 4098 qni
1027 4023 1089 4093 pro
1108 3998 1242 4067 alterius
1275 3993 1370 4089 Ergo
1400 4014 1436 4066 ιιι
1463 3999 1546 4068 oiim
1570 4017 1708 4092 propter
1738 3992 2146 4067 ci-oservotatn'dodtrinn

441 4103 554 4175 :essere
576 4099 642 4173 sese
666 4101 771 4198 gerit,
796 4102 899 4172 [sotim
921 4098 994 4196 jure
1018 4097 1134 4167 divino
1154 4097 1242 4166 illiue
1275 4089 1464 4190 apossolicae
1501 4094 1719 4165 sinceritatem
1751 4116 1869 4177 omnes
1894 4091 2037 4163 ecclcsiae
2065 4120 2144 4165 com

441 4197 595 4275 accessor.
647 4199 887 4297 lnnpossolotn
906 4224 967 4269 nec
986 4199 1155 4265 Ronmnus
1179 4217 1241 4264 nec
1271 4185 1426 4260 Romano
1451 4189 1616 4263 debebant
1644 4195 1923 4267 communicare,
1957 4194 1999 4260 ita
2039 4192 2146 4282 hodie

441 4303 601 4374 inchenns
624 4293 795 4396 episcopos
815 4298 919 4371 Petro
942 4285 1178 4379 successerunt,
1206 4296 1241 4362 io
1276 4288 1694 4386 propterdeptavotionem
1710 4288 1874 4362 dositinae
1891 4287 2146 4385 apossolicaede·

444 4400 746 4494 isieriouterqueei
768 4393 925 4466 sncceffit.
976 4390 1239 4494 Qodedditut,
1276 4385 1354 4456 bent
1369 4387 1409 4456 ab
1425 4411 1462 4456 eu
1478 4383 1642 4459 secedere.
1693 4387 1989 4484 Qetnodmodum
2011 4384 2145 4482 pontisi-

441 4524 504 4570 ·um
523 4497 638 4569 residit
664 4499 843 4566 Antiochia
862 4489 975 4563 sedem
1003 4490 1152 4587 papalem
1169 4490 1240 4559 Ro·
1274 4508 1328 4555 ces
1344 4485 1539 4557 Romanieb
1552 4481 1808 4556 antecessoribus
1823 4480 1885 4555 suis
1900 4488 2060 4556 Rurrmnis
2073 4490 2149 4581 epi·
2211 4524 2235 4528 ··

452 4591 579 4674 fixisse,
607 4621 648 4666 cx
674 4591 920 4690 scripturieerat
936 4588 1157 4687 probandum,
1171 4612 1241 4658 non
1274 4577 1382 4679 scopia
1398 4577 1510 4656 seculo
1525 4583 1755 4683 apostolorum
1772 4588 1938 4680 proximis
1958 4584 2147 4681 plurimum
2175 4653 2181 4658 .

441 4722 481 4767 m
495 4694 582 4767 nude
596 4688 829 4764 adserendum.
880 4691 1074 4784 Onnphrios
1090 4693 1123 4758 ia
1136 4685 1237 4758 addit.
1273 4683 1656 4781 hodiedegenrreruntt
1687 4688 1732 4754 ita
1784 4706 1895 4779 noque
1917 4682 2148 4783 Romanoec·

441 4798 589 4866 'latinam
608 4793 737 4863 ssrenue
754 4807 873 4887 negot,
897 4791 1029 4860 Petrum
1045 4785 1158 4857 relidit
1172 4790 1241 4856 An·
1272 4777 1367 4851 clesra
1384 4782 1547 4878 hodierna
1559 4783 1600 4852 ab
1613 4786 1745 4880 antiquo
1760 4706 1945 4853 srnceritatc
1963 4805 2001 4851 oc
2016 4784 2147 4878 purita-

441 4896 493 4966 bio
509 4893 656 4963 Romam
681 4884 744 4960 esse
770 4885 982 4984 proscissum,
1010 4884 1110 4981 idque
1128 4908 1167 4953 ex
1186 4907 1242 4953 on·
1273 4897 1306 4947 te
1322 4877 1514 4976 iongiffimc
1528 4877 1667 4953 recess'tt.
1723 4877 1762 4977 5)
1785 4879 1895 4949 Patres
1909 4878 1948 4949 ed
1962 4874 2147 4950 eeclestom

443 4999 469 5066 is
478 4991 646 5063 autoribus
663 4988 806 5084 probare
819 5009 976 5062 conetur,
994 4992 1025 5056 δι
1042 5002 1151 5052 tamen
1170 4982 1242 5054 liel-
1272 4977 1460 5048 Romanam
1477 5002 1686 5075 nequaquem
1703 4997 1928 5075 provocarunt
1940 4980 2145 5063 hocenimo,

441 5098 529 5176 rinos
546 5110 613 5159 tom
641 5084 850 5158 confidenter
871 5087 936 5153 hoc
956 5081 1102 5169 adserit)
1146 5081 1241 5150 'l'an-
1272 5074 1365 5173 quod
1387 5080 1643 5148 ntonarchicum
1676 5076 1856 5172 quemdam
1881 5075 2095 5149 dominatum
2110 5081 2148 5154 in
2193 5167 2197 5171 .

441 5189 555 5269 reddit
571 5187 806 5260 Bellarmioue:
831 5171 1075 5279 &Uerconium
1090 5178 1146 5278 ιβ,
1166 5183 1242 5253 iicet
1275 5171 1426 5346 cocleare
1454 5175 1597 5274 reliquae
1628 5177 1660 5248 ei
1689 5173 1942 5270 concederent,
1974 5176 2052 5274 quia
2070 5185 2146 5276 aute

1273 5305 1278 5318 '
1426 5298 1446 5356 s
2071 5296 2147 5349 tate·
