5442 6225
489 553 560 641 ara
649 508 651 513 ’
733 550 882 628 ωσι
914 526 1064 627 xxur.
1111 482 1306 630 citur
1329 536 1420 629 xe
1447 551 1517 625 ua
1541 528 2034 647 uosrsaccnasrn

490 730 608 801 menia
639 726 793 816 Jesuitam
823 729 947 832 sagittis
976 738 1180 829 petiverunt,
1205 758 1282 806 eum
1308 756 1350 802 ue
1385 728 1592 806 salonicensrs
1608 724 2246 835 cujrrsdatsaDemetriimemorat,prae'-

488 823 588 990 plane
607 827 790 918 necassent,
815 833 874 903 nili
898 839 932 905 in
957 831 1073 930 fugam
1095 829 1126 905 se
1151 755 1353 925 conjecisses
1386 837 1470 905 mitti
1494 837 1536 902 in·
1554 831 1696 929 liturgiis
1722 837 1888 928 preces&
1909 833 2088 907 cantilenas
2112 840 2155 910 ad
2176 836 2247 911 firn-

507 923 580 995 ndia
596 934 760 1001 orientem
777 928 884 1003 versus
901 938 1058 1028 contigua
1072 930 1117 1005 esl
1128 937 1283 1006 Sinarrun
1295 952 1346 1000 re·
1384 931 1473 1004 siam
1496 928 1729 1014 Trinitatem,
1764 931 1882 1026 quibus
1909 936 2057 1027 primum
2084 934 2247 1009 lesiioex

491 1025 597 1117 gio„
625 1050 724 1122 quam
745 1029 883 1104 (binam
912 1030 1030 1100 incolae
1057 1049 1198 1117 vocant,
1232 1035 1351 1122 inqua
1384 1025 1512 1128 scriptis
1541 1026 1729 1124 apostolicis
1754 1030 1909 1098 Graeco·
1941 1030 2098 1119 Arabica,
2124 1034 2249 1107 deinde

489 1118 695 1216 perleluitas
709 1122 871 1222 superiori
891 1123 1003 1200 seculo
1022 1128 1184 1207 doslriuae
1204 1124 1352 1198 chrillia·
1385 1128 1449 1200 alia
1475 1125 1638 1223 evangelii
1667 1122 1906 1224 subjungatur:
1937 1127 2048 1225 pollea
2081 1137 2250 1225 concione

490 1241 543 1291 ηπ
564 1215 689 1295 semina
719 1221 848 1319 sparsa,
874 1225 916 1297 dc
941 1250 1005 1325 qua
1030 1225 1250 1299 converfione
1274 1220 1353 1321 quid
1388 1224 1534 1298 absuluta
1568 1247 1696 1296 coeuam
1724 1223 1932 1297 dominicam
1952 1248 2020 1298 tam
2042 1226 2133 1302 laicis
2149 1254 2250 1327 qrraan

350 1403 362 1415 „
488 1311 695 1392 statuendum
716 1316 924 1409 s1t‚alicctur
941 1322 1064 1422 pollea.
1114 1324 1354 1398 lnoccidenta·
1388 1322 1613 1411 sacerdotibus
1629 1319 1837 1418 subactaque
1860 1323 1967 1420 specie
1984 1334 2251 1417 communicari,

491 1409 577 1485 libus
591 1421 783 1513 regionibus
799 1427 945 1495 occurrit
962 1422 1096 1499 Arabia
1143 1423 1228 1494 olim
1245 1427 1279 1493 in
1293 1443 1352 1514 pe·
1389 1431 1423 1498 &
1440 1421 1771 1520 gratiarumaslione
1791 1419 1896 1497 finiri.
1945 1425 2049 1519 Supra
2067 1428 2251 1525 AEgyptum

376 1595 382 1605 ,
457 1522 643 1603 stratam,
670 1526 826 1595 acerram
848 1473 1163 1619 &sclicem'diviia,
1186 1546 1258 1618 quae
1273 1519 1353 1592 Mu·
1385 1517 1758 1621 pandituringeosillud
1773 1520 1941 1590 chrisiiani
1961 1523 2162 1620 AEthiopum
2172 1549 2251 1599 mo·

489 1609 672 1689 haruedicis
701 1620 966 1715 uper'slitiuuibus
984 1620 1108 1718 repleta
1125 1622 1263 1715 quidem
1288 1617 1352 1703 eli,
1385 1622 1516 1694 narchz
1527 1621 1666 1718 pretiofi
1677 1617 1848 1719 Jolratrnis
1864 1621 2054 1714 imperium,
2067 1628 2126 1721 qui
2138 1626 2252 1721 reguis

491 1711 626 1793 interim
656 1736 766 1789 tamon
793 1724 827 1789 iu
853 1721 1028 1792 maritimis
1048 1725 1117 1790 oris
1135 1715 1352 1816 Hispanicum
1386 1719 1462 1818 plus
1482 1725 1591 1790 minus
1605 1722 1822 1814 quadraginta
1839 1718 2006 1789 dominari
2021 1722 2153 1794 dicitur.
2168 1723 2271 1793 (ilo-⁸

490 1814 645 1905 regimen
665 1820 697 1887 dr
714 1841 777 1887 uua
792 1843 869 1889 curu
884 1817 945 1890 illo
959 1823 1058 1890 etiam
1072 1815 1255 1889 chrillianae
1272 1813 1353 1889 fidei
1387 1822 1514 1890 riantur
1539 1812 1571 1886 se
1601 1816 1706 1911 prima
1730 1813 1915 1887 christianae
1946 1817 2122 1913 religionis
2161 1819 2253 1891 rudi-

490 1904 733 2001 ptofelsmucm
752 1916 907 1995 admittit.
959 1917 1086 1987 Arabiae
1109 1914 1353 2002 adiacetZaro·
1388 1933 1499 1989 menta
1526 1910 1683 2010 accepisse
1711 1912 1752 1985 ab
1770 1920 1928 1984 euuucho
1948 1917 2111 1989 Candacis
2128 1923 2253 2017 reginae

443 2090 448 2097 .
491 2004 825 2102 sarcinularum
856 2012 975 2084 incola
994 2010 1066 2086 sunt
1093 2012 1259 2086 chrisliaui
1278 2012 1355 2083 reli·
1388 2008 1568 2109 praefessa,
1604 2017 1662 2106 qui
1698 2011 1901 2108 aPhilippo
1929 2014 2127 2111 baptizatus,
2154 2022 2190 2088 dt
2211 2017 2252 2087 de

493 2105 631 2200 gionem
656 2105 747 2180 stram
763 2111 913 2183 Thomas
940 2112 1092 2209 apollolo
1112 2124 1282 2209 acceptam
1303 2106 1355 2180 se·
1388 2109 1523 2185 Chrillo
1547 2107 1685 2180 edoslus
1706 2113 1740 2178 in
1762 2110 1967 2206 Ethiopiam
1994 2110 2144 2184 reversus
2166 2116 2252 2211 regi·

491 2223 614 2283 rentes.
667 2209 873 2280 Arabiamab
896 2206 1011 2282 occasu
1028 2210 1150 2282 claudit
1170 2208 1353 2302 Palaestina
1388 2235 1465 2283 uam
1483 2214 1516 2282 dt
1534 2233 1690 2305 magnam
1704 2206 1841 2277 familiae
1856 2217 1957 2306 regiae
1970 2234 2017 2308 po
2041 2211 2155 2307 ulique
2183 2236 2254 2307 par·

348 2328 355 2337 ·
491 2297 559 2372 live
574 2314 664 2375 uetus
679 2307 840 2408 Judaea,
868 2334 940 2406 quae
957 2333 1028 2380 non
1055 2306 1201 2380 obllante
1229 2310 1353 2380 Muba-
1389 2329 1457 2381 tem
1474 2307 1667 2403 baptizarit,
1691 2331 1729 2377 ac
1753 2301 1960 2379 subsecutum
1990 2235 2054 2381 esc
2075 2309 2256 2405 dodloreua

491 2398 735 2476 medicularum
746 2404 874 2479 ferocia
889 2432 906 2478 a
923 2403 1093 2479 nonnullis
1107 2406 1293 2479 chrilliania
1307 2409 1357 2476 ia·
1390 2404 1558 2507 quendam
1578 2410 1717 2477 nominc
1744 2405 1958 2496 Lycaonem,
1976 2414 2032 2504 qui
2050 2433 2069 2478 a
2093 2409 2251 2506 Philippo

491 2499 691 2591 habitatur,
730 2502 818 2575 unde
846 2510 880 2575 in
908 2501 1148 2598 Hierosolyma
1180 2506 1261 2576 urbe
1304 2532 1356 2576 ιο.
1392 2500 1505 2578 missus
1519 2526 1658 2574 omnem
1678 2500 1764 2599 apud
1784 2499 1860 2574 illos
1883 2503 2065 2575 chrissiauac
2083 2505 2255 2597 religionis

491 2597 617 2691 templa
640 2599 894 2675 chrilliauorum
912 2623 1141 2684 numerantur,
1201 2600 1355 2674 Ecclcsus
1392 2603 1520 2675 cultum
1534 2600 1709 2672 ordinarit.
1725 2598 2128 2676 Confessronemillorum
2137 2603 2254 2676 Fraus.

417 2732 427 2757 .·
494 2699 530 2767 in
551 2700 653 2793 Syria
678 2700 793 2866 praeli
811 2704 995 2798 patriarcha
1025 2701 1274 2789 Antiochenus,
1299 2702 1356 2797 qui
1393 2692 1585 2773 ulvareiius
1609 2698 1674 2770 late
1696 2695 1860 2781 describit.
1910 2702 2113 2799 Scripturam
2134 2722 2201 2775 ret.
2221 2704 2256 2776 dt

416 2804 428 2889 J
457 2826 474 2863 t'
493 2816 572 2865 cum
599 2796 675 2866 Con
704 2798 971 2896 autiuopolitauc
991 2804 1027 2872 dt
1052 2798 1281 2870 Alexandrina
1303 2822 1358 2895 pa·
1393 2825 1472 2871 nov.
1495 2796 1566 2872 tesl.
1585 2796 1830 2894 ampledluntur
1852 2823 1862 2868 τ
1884 2789 2075 2891 symbolum
2097 2798 2258 2898 aposloli-

493 2895 646 2965 triarchis
658 2892 839 2986 fraternam
855 2903 1035 2970 amicitiam
1052 2896 1154 2976 colit,
1170 2896 1226 2968 led
1241 2923 1258 2968 a
1275 2921 1358 2995 pou·
1393 2923 1471 2970 cum
1495 2900 1659 2992 recipiunt
1676 2920 1685 2968 ε
1709 2890 1947 2968 sacrosauslam
1962 2898 2171 2971 Trinitatem
2188 2921 2258 2969 cre·

449 3050 454 3065 .
493 2990 966 3068 tifrceRomauc'alienusell.
1020 2998 1155 3094 Cyprus
1175 2991 1278 3068 insula
1303 3019 1359 3066 au·
1393 2997 1514 3068 duut:
1554 3015 1696 3089 quatuor
1718 2997 2004 3067 oecumenicorum
2031 2994 2260 3069 conciliorum

493 3105 661 3190 tequama
682 3100 789 3166 Tucca
806 3120 895 3167 auno
924 3121 1027 3182 ¹572·
1054 3097 1188 3169 Venetis
1212 3100 1357 3193 eripere·
1395 3097 1536 3167 decretis
1556 3091 1802 3164 adsentiuntur:
1828 3091 1894 3189 legi
1923 3121 1992 3167 nou
2017 3088 2110 3191 posse
2132 3096 2173 3167 ab
2187 3091 2259 3167 ullo

494 3207 577 3278 tur,
601 3209 669 3263 tota
689 3188 754 3264 fuit
787 3193 944 3292 religioni
972 3194 1154 3266 chrillianae
1183 3195 1358 3269 eburius,
1396 3187 1707 3266 homine-satisfieri
1733 3186 1946 3286 agnoscunt:
1972 3194 2144 3266 Cluilium
2173 3192 2260 3264 olim

496 3288 604 3362 hodie
635 3315 719 3361 vero
745 3288 1017 3365 Muharuedisauo
1043 3298 1076 3368 ia
1102 3319 1140 3365 ca
1165 3295 1361 3365 dominante
1397 3288 1569 3390 pronobis
1585 3314 1657 3360 eam
1685 3285 1869 3383 implevifle
1890 3297 1923 3363 ὅ(
1949 3316 2011 3386 pro
2029 3296 2174 3388 peccatis
2200 3314 2262 3362 uo·

495 3386 616 3460 incolae
632 3383 794 3461 servitutis
813 3391 897 3490 jugo
920 3386 1018 3490 pressa
1044 3391 1248 3487 religionem
1271 3393 1363 3463 chri·
1398 3394 1467 3463 llris
1487 3385 1673 3459 satisfecisse
1689 3388 1828 3458 credunt
1843 3415 1859 3460 .·,
1883 3387 2023 3461 infantes
2044 3386 2262 3464 masculos&

496 3486 633 3557 slianam
647 3487 900 3562 morealiorum
917 3488 1181 3564 christicolarum
1204 3485 1358 3560 subTur·
1397 3488 1626 3563 foetuellas.iu
1654 3490 1792 3555 nomine
1817 3487 1937 3574 Patris,
1963 3487 1987 3558 F
1992 3486 2040 3557 ilii
2061 3494 2094 3561 dt
2119 3490 2264 3586 Spiritus

474 3583 544 3657 ‘cis
561 3583 756 3681 degentium
771 3611 840 3660 non
856 3588 915 3660 nili
937 3595 971 3662 in
990 3583 1171 3660 rarioribus
1187 3590 1363 3658 conventi·
1397 3588 1497 3657 laudii
1521 3586 1707 3679 baptizant:
1722 3583 1950 3655 cucharisliam
1964 3580 2021 3655 sub
2041 3606 2180 3683 utraque
2193 3581 2264 3681 spe·
2280 3627 2284 3632 -

374 3718 377 3727 ·
496 3679 782 3779 busprofiteutur.
828 3685 946 3759 Refert
968 3682 1158 3758 manliusin
1178 3685 1363 3757 lociscom·
1397 3691 1449 3757 cie
1476 3676 1635 3781 praemissa
1666 3679 1873 3752 coufeffione
1900 3690 1935 3755 dt
1962 3680 2172 3755 absolutione
2194 3701 2264 3755 tam

465 3786 467 3790 ’
498 3782 657 3852 munibus
681 3778 776 3854 fuisse
803 3782 962 3857 ininsula
994 3783 1071 3871 illa,
1092 3787 1150 3881 qui
1173 3783 1363 3854 dodlriuam
1400 3785 1490 3855 laicis
1502 3804 1604 3878 quam
1623 3775 1848 3855 sacerdotibus
1874 3780 2088 3853 concedunt:
2105 3777 2266 3854 ¹sacerdo-

451 3915 467 3953 :
498 3878 662 3977 evangelii
681 3878 840 3954 sinceram
872 3888 1156 3978 &incorruptam
1185 3880 1364 3978 amplesie-
1399 3882 1483 3953 tibus
1507 3877 1704 3973 conjugium
1726 3883 1949 3975 permittunt:
1973 3885 2054 3952 ritus
2084 3904 2104 3949 a
2125 3877 2264 3952 Cluilio

345 4023 356 4051 r
496 3999 632 4063 rentur,
653 4005 730 4051 cum
746 3981 786 4051 ab
801 3986 934 4053 erudito
956 3981 1103 4079 quodam
1124 3985 1191 4073 ejus
1216 3983 1364 4077 regionis
1400 4002 1509 4073 neque
1523 3977 1696 4048 mandatos
1721 4000 1829 4071 neque
1847 3976 2037 4069 prohibitos
2059 3976 2185 4048 liberor
2200 3972 2266 4049 ell'e

499 4081 669 4149 monacho
698 4079 754 4149 libi
781 4075 989 4151 familiariter
1006 4096 1091 4150 noto
1117 4079 1214 4151 multi
1241 4076 1365 4149 nollra·
1401 4075 1545 4162 volunt,
1571 4072 1825 4144 nundinatiouca
1849 4068 2019 4147 miss'arum
2042 4080 2077 4148 dt
2104 4070 2268 4148 sacrificia

503 4180 588 4247 tium
604 4177 847 4274 theologorum
865 4177 940 4249 libri
963 4181 998 4247 iu¹
1022 4178 1188 4275 Cypriam
1216 4177 1366 4275 liugnam
1425 4200 1464 4246 ro
1481 4176 1622 4245 mortuis
1637 4168 1831 4338 repudiant:
1846 4172 2065 4245 inclusionem
2079 4179 2173 4272 panis
2184 4197 2286 4266 cong

466 4270 626 4364 ‘fuerint
646 4275 802 4347 translati.
853 4275 893 4349 ln
908 4275 1121 4349 meridionali
1139 4276 1235 4374 plaga
1248 4297 1366 4345 occur·
1400 4202 1547 4348 ferrati,
1589 4266 1832 4365 iudugeutias,
1866 4274 2115 4343 invocationem
2139 4267 2279 4352 faudo&

500 4376 544 4444 rit
569 4374 713 4468 Africa,
737 4373 917 4469 Egyptum
940 4427 951 4463 ,
983 4373 1141 4466 Lybiam,
1173 4376 1368 4467 Cyreuem,
1402 4397 1477 4443 rum
1498 4367 1676 4463 respuunt:
1699 4365 1997 4439 confirmationem
2014 4374 2049 4441 dt
2071 4367 2266 4444 unsiionern

502 4465 650 4541 Africam
683 4475 883 4558 minorem,
908 4473 1102 4543 Numidiam
1132 4478 1167 4545 dt
1208 4471 1366 4542 Maurita·
1404 4493 1467 4567 pro
1483 4461 1693 4539 sacramentis
1709 4488 1780 4535 non
1800 4462 1982 4564 agnoscunt
2001 4472 2066 4539 &c
2084 4467 2285 4542 babentia·¹

505 4570 594 4636 niam
622 4569 815 4662 complexa,
847 4575 938 4662 cujus
963 4574 1124 4641 interiora
1156 4568 1258 4666 longe
1291 4567 1370 4637 late·
1405 4592 1484 4641 men
1497 4562 1570 4636 suos
1587 4569 1917 4649 acrosticer'rorea,
1942 4560 2142 4661 baptismum
2159 4563 2270 4665 siugu-

322 4763 327 4772 .
416 4765 421 4776 ¹·
505 4688 571 4833 gut
587 4677 681 4740 arere
696 4670 867 4772 Julianus,
884 4668 934 4739 uel
949 4662 1108 4765 pretiosus
1120 4666 1286 4762 lohannes
1299 4658 1372 4760 pos·
1407 4666 1446 4738 lis
1463 4669 1554 4735 anuis
1570 4656 1863 4745 iteraut‚iusautcs
1885 4658 2098 4737 masculos&
2116 4659 2273 4737 foetniuas

520 4789 529 4833 ι

531 4763 597 4835 det.
649 4765 1174 4865 AEgyptusabundatthrillianis
1193 4762 1373 4859 Jacobitis,
1408 4763 1529 4835 oslavo
1549 4758 1605 4835 dle
1626 4760 1889 4849 circumcidunt,
1915 4759 2032 4832 aclbis
2055 4758 2086 4832 le
2146 4758 2274 4836 Mosai-

505 4866 562 4956 qui
580 4861 619 4931 ab
637 4868 790 4962 apollolo
809 4859 1141 4936 Matthaeosesidem
1167 4860 1293 4933 Clarisli
1317 4884 1373 4930 ac·
1407 4886 1445 4933 ca
1473 4855 1650 4958 prohibitis
1673 4854 1860 4941 abilineute
1894 4861 2128 4955 purgatorium
2157 4865 2274 4959 ignem

506 4954 634 5050 cepisse.
648 4963 848 5073 gloriantur.
903 4962 1063 5033 Nicolaus
1079 4960 1242 5031 Hcmmin
1268 4962 1318 5031 ius
1338 4962 1374 5029 in
1408 4982 1479 5031 non
1494 4971 1615 5055 negant
1634 4957 1699 5025 ἁε.
1714 4953 1757 5024 de
1777 4956 1923 5028 Romani
1936 4953 2104 5053 pontilicis
2119 4956 2274 5032 domina·

507 5057 665 5127 caret-halt
698 5066 797 5132 ritum
818 5053 919 5131 missae
941 5064 977 5132 in
997 5060 1143 5156 AEgypto
1170 4983 1269 5157 aptus
1287 5057 1377 5127 chri·
1411 5050 1596 5152 tiouequid
1614 5047 1772 5130 llatuaut,
1797 5072 1885 5148 patet
1901 5051 2104 5150 exsequenti
2125 5055 2292 5150 historia,

504 5151 624 5228 [uanos
640 5158 761 5233 miratae
786 5153 988 5246 describens,
1030 5154 1246 5251 enrelations
1268 5147 1381 5252 Thes·
1412 5157 1504 5248 Cum
1520 5172 1609 5257 auno
1635 5162 1736 5254 ¹⁵⁵⁶!
1755 5151 1871 5256 Pwlu}
1893 5155 1949 5256 ll'·
1975 5150 2290 5251 P0utlf²1ll0ma¹

2198 5282 2276 5346 tuas
