5442 6225
578 524 717 642 sacr,
736 520 814 599 v:
828 490 1083 635 strennui
1105 518 1169 595 nn
1193 516 1504 596 successione
1526 512 1797 604 ruscorum
1857 628 1861 635 ,
1946 556 1949 566 ·
2024 559 2098 638 295

342 715 482 790 llolicam
505 706 743 786 succeffionetn
759 702 908 806 uiguiss'c.
966 706 1002 775 Si
1024 700 1198 774 Bellarmi·
1232 702 1576 778 chiscommunicato
1599 733 1659 808 per
1679 707 1804 785 litteras
1832 704 2110 813 respondemu-

340 841 391 889 nus
405 819 560 910 excipere
584 814 683 900 velit,
699 810 925 907 succtffiotttttt
944 804 981 875 t'u
1005 802 1081 875 aliis
1105 804 1197 874 tecle·
1220 801 1264 898 se
1281 826 1350 872 noo
1365 803 1578 903 exijitrtstne
1596 811 1872 908 topitt,fiquidtnr
1885 813 2096 893 iodtoCotr-

333 918 385 1019 jis
407 909 558 1012 ptriifflt,
585 915 621 983 in
637 911 708 1005 solo
728 912 876 982 Romano
898 899 1018 1001 ecclesio
1044 924 1196 996 pernorr-
1226 899 1510 1003 stantiuomogno
1528 903 1576 980 θ’
1593 911 1681 1007 regis
1700 911 1881 986 Teridotoe
1896 917 2097 1009 temporibus

332 1013 428 1121 fffr,
463 1010 681 1110 producimus
710 1003 880 1079 ecclefiam
912 1003 1092 1088 Graecam,
1124 1025 1198 1098 quae
1232 998 1483 1099 labunturque
1501 1001 1582 1080 ditia
1603 1009 1796 1084 catholicum
1812 1008 1946 1105 semper
1967 1017 2095 1088 orabit·

337 1109 566 1190 lucceffiouern
598 1104 834 1206 episcoporum
860 1099 998 1244 suorum
1027 1122 1130 1196 usque
1157 1097 1197 1167 ad
1228 1097 1396 1215 piscoputn
1412 1102 1600 1223 inbuerint,
1624 1106 1741 1203 quibus
1757 1106 1876 1229 litteris
1889 1118 2027 1187 nomina
2037 1110 2102 1205 sua

337 1202 928 1408 diligitittttttttittt
939 1199 1197 1395 findit}
1230 1198 2095 1399 tiltit‘li‘yit‘tttssii§ltltlttipitt‘ttltz
2154 1272 2195 1381 ’.

338 1405 659 1485 nefiatttcahissoria
678 1402 758 1476 facit
781 1404 1009 1483 mentionem,
1031 1392 1194 1466 Conssan·
1229 1399 1460 1469 llntiorheuus
1480 1405 1515 1472 dt
1533 1402 1853 1498 primaeJullinianae
1870 1408 2094 1480 Archidarum
2141 1431 2150 1449 ‘¹

337 1508 603 1607 tinopolitanus,
630 1501 879 1585 Antiochenus,
914 1491 1195 1586 Hierosolymita,
1232 1493 1378 1568 Gabriel.
1398 1516 1428 1572 8.
1448 1497 1639 1572 Nov.anno
1662 1521 1763 1583 1582.
1786 1506 1901 1579 indict,
1926 1507 2094 1597 10‚w11,

339 1633 394 1682 nus
417 1611 452 1679 dt
475 1602 737 1690 Alexandrinus,
764 1625 782 1671 e
810 1592 928 1694 quibus
952 1593 1195 1680 Antiocheam,
1231 1590 1315 1662 letus
1330 1596 1365 1663 in
1380 1591 1436 1664 lib.
1453 1595 1495 1667 de
1511 1596 1645 1670 ecclelia
1658 1600 1769 1698 quali.
1782 1603 1839 1676 lll.
1852 1623 1922 1678 not.
1942 1630 2014 1703 3.p.
2035 1627 2092 1682 81.

338 1713 368 1780 in
383 1705 467 1777 urbe
488 1696 651 1774 Damasco
670 1702 773 1771 hodie
790 1692 901 1768 sedem
918 1695 1036 1777 babet,
1053 1693 1197 1767 Alexan·
1232 1712 1499 1781 commemorat,
1526 1694 1653 1768 exilare
1669 1700 1871 1773 authenticas
1893 1702 2017 1775 litteras
2039 1707 2094 1789 te.

339 1804 540 1880 lrirrttsuero
553 1803 693 1872 Cairum
706 1797 841 1893 lbgypti
869 1790 1076 1888 metropolin
1094 1811 1197 1860 trans·
1231 1794 1369 1880 retniae,
1396 1796 1590 1889 patriarchae
1609 1794 1993 1898 Constantinopolitani,
2015 1803 2095 1874 Me.

340 1902 416 1975 latus
431 1899 498 1986 eii,
523 1899 676 1970 omniurn
696 1920 779 1965 vero
794 1889 943 1963 latissime
960 1889 1193 1985 Constantino·
1232 1885 1327 1966 letii,
1359 1893 1553 1986 patriarche
1582 1893 1829 1983 Alexandrini,
1862 1900 2025 1970 Gabrielis
2056 1906 2093 1973 in

336 2001 473 2097 pollioni
512 1988 957 2085 atriarchaedioecefispatet.
1021 1989 1193 2083 Nicepho·
1229 1985 1363 2066 ecclelia
1385 1989 1420 2059 T
1423 1983 1672 2063 hellalonicenli
1697 1999 1761 2066 dte.
1788 1995 1830 2065 ad
1854 1997 2009 2094 Anglicas
2037 2023 2093 2070 ec·

338 2125 388 2173 rus
410 2098 468 2176 lib.
489 2024 589 2168 ltin.
616 2096 688 2166 hill.
711 2083 824 2163 eccles.
852 2111 923 2184 cap.
949 2097 980 2158 6.
1002 2084 1193 2182 catalogum
1228 2081 1339 2156 clelias
1365 2105 1533 2176 exaratas,
1561 2088 1734 2186 inquibus
1756 2089 1990 2190 episcoporum
2018 2091 2093 2167 sno.

340 2193 570 2294 episcoporum
592 2186 1042 2285 Constantinopolitanurum
1058 2185 1098 2255 ab
1116 2189 1195 2259 Au·
1230 2205 1307 2252 rum
1323 2179 1557 2258 succeffionem
1570 2187 1610 2256 ab
1634 2185 1791 2284 apossolis
1808 2190 1985 2266 deducunt.
2000 2210 2003 2221 “
2020 2197 2093 2266 Ex-

341 2301 415 2368 drea
432 2292 558 2364 Christi
579 2288 731 2389 apostolo
758 2285 914 2375 deducit3
938 2288 973 2355 dt
993 2304 1072 2355 cum
1101 2277 1195 2381 supe·
1230 2284 1309 2376 cipit
1332 2282 1580 2354 bellarminus:
1615 2286 1657 2375 1)
1673 2287 1829 2386 etrieſsmn
1844 2293 2088 2384 Constantino.

344 2394 587 2467 rioribusannis
607 2414 688 2487 papa
706 2388 891 2480 Gregorius
912 2383 1002 2453 Xlll.
1026 2385 1194 2453 Armeniis
1224 2377 1408 2472 politanum
1423 2405 1488 2453 non
1504 2377 1601 2477 frtiffe
1624 2409 1644 2453 o
1653 2385 1809 2478 putribus
1823 2390 1942 2463 tinam
1962 2392 2093 2487 aposto·

342 2490 550 2564 orientalibus
574 2487 757 2562 christianis
784 2479 877 2553 sunm
898 2478 1125 2553 calendarium
1149 2499 1195 2552 at·
1228 2478 1331 2553 licon.
1381 2476 1477 2577 Resp.
1494 2500 1624 2552 certum
1648 2481 1713 2571 cll,
1736 2485 1855 2559 multas
1877 2488 1917 2560 ab
1935 2489 2092 2587 apostolia

341 2617 399 2689 quc
413 2613 478 2659 una
493 2592 592 2659 etiarn
605 2587 814 2656 dominatum
826 2576 920 2651 suurn
935 2579 1117 2650 obtrudere
1134 2603 1193 2649 co·
1227 2572 1380 2649 fundatas
1394 2573 1460 2683 ell'c
1473 2576 1624 2650 ecclefias
1639 2599 1759 2676 praeter
1774 2584 1982 2676 Romanam,
2001 2595 2092 2667 inter

341 2709 468 2760 naretur
477 2739 489 2776 ‚
511 2685 563 2758 illi
582 2683 812 2759 consiliorum
828 2675 1041 2753 orientalibus
1052 2681 1192 2776 patriar·
1225 2699 1305 2774 quaa
1320 2680 1424 2752 etiam
1435 2675 1480 2748 ell
1492 2676 1859 2778 Constantinopolitano
1867 2737 1880 2780 ,
1895 2686 1961 2761 illae
1975 2712 2093 2787 quomo

2041 2810 2092 2859 un

343 2953 383 3032 (⁸)
401 2959 482 3017 Rene
499 2958 604 3014 monuit
617 2959 849 3028 Immenosum
864 2951 1059 3008 Turannius
1078 2949 1106 3007 in
1122 2947 1194 3029 cogi·
1266 2966 1332 3006 ann.
1346 2950 1497 3010 nocem.
1517 2944 1601 3029 ineufi
1609 2947 1701 3010 Mart·
1717 2968 1775 3012 art.
1791 2967 1836 3019 34.
1855 2966 1885 3032 p·
1905 2960 1971 3022 464.
1997 2962 2092 3017 Euse-

374 3032 524 3094 rotiouilus
539 3028 672 3095 denariis
696 3032 833 3114 theologiae
848 3046 879 3086 cn
896 3022 996 3095 itibus,
1017 3047 1085 3100 quae
1099 3027 1195 3087 diluet.
1268 3049 1334 3087 urus
1345 3037 1560 3091 Rauaunorrus
1570 3036 1598 3088 in
1615 3036 1743 3103 peculiari
1754 3036 1882 3092 differret.
1894 3040 1991 3105 gallice
2006 3041 2089 3105 edita,

374 3114 529 3176 dationibus
545 3119 602 3188 ejus
614 3111 686 3193 pitto
700 3043 964 3192 ophira-zheobgicts
981 3106 1076 3167 tom.I.
1088 3123 1117 3186 p.
1136 3127 1192 3171 τρι.
1266 3114 1393 3168 Turonas
1416 3116 1553 3171 Wannus
1568 3117 1764 3178 ,Romaneniis
1778 3120 1898 3187 Argiua,
1919 3118 1948 3172 in
1961 3121 2091 3189 peculiari

371 3194 448 3274 seqq.
462 3201 548 3267 panea
563 3200 674 3253 insertae
695 3200 768 3261 sunt,
787 3188 854 3269 atres
870 3187 1032 3247 CXXXIX.
1046 3183 1079 3264 fi
1090 3182 1195 3264 flacces-

368 3272 409 3352 βο
422 3279 497 3332 tanti
504 3272 545 3352 sr't
556 3275 699 3353 ponderis,
709 3292 743 3331 ut
760 3262 1010 3345 uolurtrpoutificii‚
1023 3283 1072 3344 pro
1089 3265 1195 3345 «σάφα

379 3350 476 3411 Graeea
505 3373 558 3411 nou
577 3359 665 3411 miuus
691 3352 812 3415 militar,
839 3353 918 3406 immo
935 3344 1046 3424 fortius
1072 3343 1195 3420 nrrlitot,

374 3450 455 3510 quam
472 3447 524 3511 pro
551 3431 684 3490 Romano.
712 3436 819 3490 Scilicet
844 3429 1135 3486 Graecorumecclesra
1155 3438 1195 3482 tot

374 3516 467 3569 naevis
481 3516 641 3587 maculisque
653 3516 723 3569 haud
740 3515 854 3574 laborat,
868 3526 898 3562 ac
911 3512 1051 3571 Romana,
1067 3508 1128 3560 iicet
1138 3507 1196 3575 ejus

338 3637 347 3658 ,
374 3596 545 3648 sacceffiones
568 3596 748 3649 ecclefiastirae
764 3593 860 3662 partim
882 3590 1029 3644 delebuutn
1056 3589 1195 3642 canonico.

375 3692 449 3737 turn,
470 3677 565 3744 partim
585 3691 648 3733 vero
663 3675 826 3729 schismatum
844 3684 955 3725 numero
972 3666 1102 3725 Romanis
1125 3667 1195 3723 haud

372 3756 476 3809 cedann

1268 3193 1378 3248 libello,
1405 3194 1449 3244 cui
1475 3193 1592 3247 titulus:
1612 3188 1657 3247 tlte
1678 3189 1858 3268 coturouerfy
1873 3190 1913 3270 ‘ff
1931 3196 2089 3255 ordination
2146 3253 2151 3262 ,

1268 3265 1347 3338 troly
1359 3263 1464 3338 stated,
1474 3285 1506 3323 ar
1520 3267 1571 3343 far
1583 3286 1614 3326 or
1626 3272 1650 3326 ir
1663 3268 1843 3329 coarcernstbe
1857 3271 1958 3331 cbrtrcb
1972 3273 2092 3355 ofEttg.

1268 3344 1337 3403 land
1349 3342 1387 3418 by
1400 3343 1456 3401 tan
1473 3343 1637 3420 established.
1662 3355 1776 3408 London
1790 3357 1965 3412 ntuccxtx.
1980 3371 2007 3419 8.
2034 3359 2089 3414 Sed

1268 3429 1492 3486 Rsua'unortust
1519 3430 1665 3498 coniuravit
1686 3449 1837 3503 anonymus
1849 3439 1969 3504 Anglus,
1989 3438 2018 3492 in
2035 3436 2091 3513 epi.

1260 3503 1335 3583 stolo
1345 3504 1384 3563 ad
1396 3509 1513 3563 ornicum
1525 3507 1558 3564 de
1578 3527 1644 3566 uera
1657 3505 1695 3571 la*
1708 3528 1763 3569 uota
1778 3514 1941 3591 interrupta
1961 3511 2091 3594 episcopo·

1269 3605 1332 3644 rtttn
1384 3585 1539 3666 Artglorum
1574 3588 1613 3646 od
1637 3608 1686 3648 nor
1718 3609 1804 3669 usqae
1825 3587 1996 3670 srtccefflotte,
2024 3615 2090 3656 ann.

1269 3672 1458 3729 MDCCXXU.
1478 3672 1571 3736 edita3
1597 3673 1740 3730 Waanura
1761 3691 1825 3730 vero
1854 3678 1989 3745 depensum
2010 3679 2086 3734 dedit

1269 3755 1390 3808 Daurec
1410 3753 1588 3812 Wrnmans,
1609 3755 1730 3808 eceiefiae
1750 3756 1914 3824 Angiicanae
1932 3759 2089 3829 presbyter,
2113 3765 2116 3770 '

1267 3832 1295 3884 in
1313 3832 1397 3893 libro,
1416 3832 1464 3900 qui
1480 3832 1651 3886 inscribitur:
1670 3830 1717 3888 tlte
1730 3826 1875 3909 fitccefflou
1890 3832 1929 3912 of
1937 3834 2091 3912 protestor

1267 3904 1381 3986 Bisbops
1398 3905 1516 3984 asserted
1535 3912 1586 3972 dtr,
1608 3915 1719 3967 London
1746 3918 1918 3972 MDCCXXl.
1934 3927 1963 3977 8.
2005 3922 2090 3984 Quod

1267 3994 1382 4060 denique
1394 3992 1426 4044 ad
1441 3996 1610 4047 Bossoeruto
1623 4005 1701 4060 utque
1715 3998 1897 4048 blassuerun
1909 3997 2022 4060 attinet,
2042 4016 2090 4052 eo-

420 3916 467 3972 Ett
481 3932 544 3968 vero
566 3915 594 3968 nr
610 3915 681 3968 inter
700 3914 870 3983 protestantes
896 3911 1014 3973 octena,
1045 3912 1193 3979 Anglicana

373 4012 473 4064 nernpe
489 3997 534 4049 illa
550 3995 577 4047 u
592 3996 770 4063 episcopalis,
788 4009 855 4062 quae
874 3992 1009 4046 ministerii
1033 3993 1195 4047 ecctotintict

372 4076 556 4131 iucreiiionem
574 4076 746 4144 episcopalem
764 4073 811 4127 sni
823 4072 915 4142 majori
927 4072 985 4138 jure
1000 4071 1134 4125 vindicare
1150 4091 1196 4141 po-

329 4167 335 4178 ·
373 4157 437 4226 test,
459 4170 537 4224 quarn
555 4155 661 4223 quidem
676 4157 812 4217 Romana,
831 4154 914 4205 inmo
928 4152 954 4203 ἃ
972 4152 1079 4205 Graeca.
1106 4154 1195 4218 Quum

373 4237 447 4292 enirn
462 4235 506 4287 iiia
515 4234 569 4302 jam
583 4247 645 4288 ante
661 4244 803 4304 repurgata
815 4233 884 4286 sacra
900 4230 1053 4283 sacceffione
1067 4234 1195 4285 canonica

371 4313 509 4375 floruerit,
525 4313 579 4382 jam
592 4330 624 4366 eo
634 4317 719 4382 magis
731 4315 823 4368 eadem
835 4313 911 4365 floret
919 4351 928 4379 ‚
943 4310 1075 4379 postquam
1090 4326 1137 4379 per
1152 4327 1194 4363 re·

372 4394 558 4453 formationem
572 4395 599 4447 in
615 4397 711 4448 meiius
731 4395 781 4448 suit
801 4401 909 4446 mutate.
948 4390 1080 4458 Equidem
1101 4390 1194 4445 validi·

371 4484 455 4532 tatem
475 4469 651 4528 ordinationis
676 4475 840 4540 Anglicanae
858 4471 1000 4523 recentiori
1021 4485 1087 4524 aevo
1108 4488 1193 4539 oppu-

370 4554 506 4624 gnandam
525 4554 554 4606 in
570 4555 595 4606 se
615 4555 780 4621 susceperunt
801 4548 936 4603 duumviri
960 4549 1031 4602 Galli
1052 4548 1124 4618 iique
1146 4554 1192 4605 do.

370 4635 491 4693 nunni.
511 4634 570 4699 Jac,
594 4638 746 4690 Beuucuus
760 4635 942 4698 Bossuarus,
960 4628 1097 4697 episcopus
1110 4647 1193 4697 quon·

370 4718 433 4770 dam
450 4714 609 4783 Meidensn,
627 4714 730 4782 saepius
746 4712 800 4781 jam
819 4709 925 4764 anobis
944 4709 1091 4770 excitatus,
1113 4720 1192 4779 atque

369 4799 516 4855 Rzuarus
533 4798 731 4853 massonus,
751 4791 855 4844 ordinis
868 4788 1032 4844 Benedittini
1051 4805 1067 4841 e
1081 4805 1192 4855 congre-

370 4876 479 4946 ganono
495 4874 524 4928 S.
543 4875 631 4931 Mauri
646 4873 806 4935 monachum
825 4864 991 4942 inequitant
1010 4868 1039 4920 iu
1059 4870 1191 4922 notiffirno

369 4959 457 5024 libro,
478 4954 525 5021 qui
541 4946 819 5024 inscribitutzhistoire
830 4946 876 5003 des
890 4946 1043 5002 uariatione
1064 4944 1110 5003 dtr
1126 4945 1191 5023 egli·

361 5030 410 5112 fta
419 5026 684 5110 protellatuesdibr.
696 5027 724 5088 X
747 5033 775 5095 §-
786 5024 897 5086 XXVI.
906 5041 970 5082 tom·
983 5022 1054 5100 lup.
1061 5042 1104 5094 7r.
1112 5022 1190 5105 Μ.

368 5114 414 5173 lu'c
429 5131 495 5168 vero
509 5114 538 5167 in
553 5106 720 5186 drfflrnlll.
736 5128 821 5166 novae
841 5113 954 5165 Ianuar
982 5107 1094 5160 editioni
1116 5126 1189 5177 prae·

368 5199 444 5252 miffar
461 5228 470 5255 ,
488 5207 544 5247 art.
562 5189 620 5247 lll.
635 5190 659 5264 d.
685 5186 793 5247 XXIV.
805 5183 863 5267 fol.
887 5204 952 5256 tt7.¹
978 5189 1052 5242 ldont
1071 5188 1190 5244 iecerunt

367 5278 478 5352 Jesuitae
491 5274 645 5329 Parisrenses
659 5267 728 5327 dom
750 5268 789 5327 ies
806 5267 946 5340 manninas
959 5262 994 5320 de
1012 5259 1141 5324 lieuoax
1155 5270 1202 5324 ad·

1268 4089 1327 4126 runt
1341 4072 1498 4140 objettionen
1512 4072 1590 4124 diluit
1608 4073 1638 4125 C·
1648 4077 1688 4128 bi.
1701 4073 1842 4126 Prarrrus
1858 4073 1887 4125 in
1896 4066 1999 4145 dtffirr.
2012 4075 2089 4144 supra

1267 4152 1322 4220 jam
1345 4152 1468 4205 excitata
1487 4153 1521 4203 de
1528 4141 1688 4224 succeffloue
1698 4142 1855 4226 episcopali,
1869 4167 1956 4204 novae
1973 4153 2089 4210 editioni

1269 4229 1407 4307 originum
1421 4225 1504 4302 juris
1521 4223 1659 4303 ecclesiast.
1677 4230 1793 4294 inserta.
1812 4245 1870 4290 art.
1885 4225 1971 4286 Vlll.
1990 4245 2016 4306 p.
2032 4249 2088 4294 arr.
2143 4269 2151 4284 .
2197 4281 2202 4286 .
2306 4247 2312 4265 ·

1261 4304 1339 4386 seqq.
1350 4312 1396 4379 qui
1411 4309 1438 4362 δι
1453 4312 1481 4363 in
1494 4302 1627 4383 differtor.
1639 4305 1672 4364 de·
1677 4301 1849 4384 fitcceffionis
1858 4303 2091 4387 epiftopalisopud

1262 4386 1444 4465 protestamus
1452 4395 1542 4466 pretio
1551 4430 1563 4459 ‚
1572 4393 1690 4446 nrnxr'ute
1703 4384 1898 4465 &sisereffloue
1909 4385 2045 4466 episcoocii
2054 4395 2088 4449 ira
2200 4416 2204 4444 ;
2229 4437 2235 4447 ,

1268 4466 1395 4544 ecclesiis,
1419 4466 1575 4545 Artglicona
1589 4508 1596 4532 ,
1607 4462 1868 4545 ftptearriortalibrts
1893 4463 1933 4528 ἐφ’
1953 4465 2087 4547 fratrum

1267 4544 1466 4620 Bobemorum,
1476 4545 1651 4625 ejusdanque
1663 4549 1696 4605 iu
1714 4545 1831 4625 ecclefi'os
1843 4545 2022 4624 protestantes
2042 4572 2088 4609 re·

1265 4623 1437 4684 docibilitate
1446 4641 1501 4705 top.
1511 4625 1553 4685 ΙΙ.
1568 4625 1594 4702 d.
1605 4650 1614 4681 1
1626 4657 1674 4670 —
1683 4641 1705 4687 t.
1717 4643 1745 4706 p.
1757 4645 1813 4687 271.
1815 4623 1891 4705 seqq.
1902 4634 2013 4686 caussam
2020 4637 2086 4689 bane

1269 4721 1362 4763 eontra
1378 4711 1557 4766 Romanenses
1568 4712 1711 4778 peroravit.
1741 4712 1809 4765 Cum
1825 4712 1920 4779 primis
1939 4729 2003 4765 vero
2015 4733 2088 4768 com.

1266 4791 1409 4844 memorari
1425 4791 1484 4843 heic
1495 4799 1612 4843 meretur
1624 4793 1741 4847 Parnon
1752 4792 1912 4845 Fennorsc·
1931 4793 2088 4848 counan-

1265 4887 1345 4929 nrus,
1354 4871 1397 4926 vir
1411 4869 1580 4934 dostissirnus,
1590 4870 1709 4925 ecclefiae
1717 4873 1853 4927 Romanae
1861 4872 1939 4925 sacris
1950 4873 2082 4940 aduinus,

1264 4952 1313 5019 qui
1325 4952 1398 5005 edito
1406 4950 1495 5006 libello
1502 4949 1597 5018 gallire
1607 4950 1702 5019 scripto
1710 4944 1743 5004 ete
1754 4944 1925 5003 ordinatione
1931 4947 2087 5026 Auglorum

1265 5033 1420 5100 eorum,qui
1429 5032 1456 5083 in
1467 5042 1537 5083 coetu
1546 5032 1667 5085 Romano
1678 5029 1773 5083 rebius
1784 5031 1880 5083 sentire
1888 5029 1932 5083 libi
1943 5032 2085 5106 uidentur,
2156 5103 2159 5108 Ι
2246 5069 2249 5074 -

1263 5111 1620 5177 animosgraviteroiiendin
1630 5110 1856 5164 accontrouerfiae
1872 5110 2086 5178 magnisonimo-

1263 5206 1323 5244 rum
1337 5193 1453 5245 motibus
1466 5192 1579 5258 agitatae
1589 5189 1662 5246 dedit
1677 5189 1854 5256 croadorum
1871 5205 1925 5261 qua
1938 5191 1974 5245 de
1991 5211 2022 5246 re
2034 5198 2083 5249 ali·

1263 5270 1291 5322 bi
1302 5272 1409 5325 uberius
1424 5272 1587 5327 uideremus.
