5442 6225
857 553 927 628 Ab
955 548 1152 624 LOCVM
1192 543 1263 619 DE
1289 540 1572 622 ecclesia,
2090 574 2164 652 203

442 731 480 822 §.
507 726 601 800 ΧΗ.
627 719 721 791 Licet
732 741 815 790 vero
832 745 893 792 nec
907 721 1088 792 recentiori
1103 733 1194 788 aetate
1207 718 1243 785 in
1282 713 1430 810 bneque,
1457 717 1516 810 qni
1537 712 1711 789 veritatem
1735 708 1920 806 sedantur,
1936 719 2041 801 ¹ettiue
2060 722 2158 792 eorm

367 821 509 899 ecclelia
532 824 684 895 Romana
705 814 873 890 defuerint
896 823 959 890 tiri
981 816 1092 905 dont,
1127 816 1242 911 quiin
1279 811 1469 886 mendatur.
1547 870 1549 874 a
1938 814 1941 821 ’

367 916 580 1020 scriptiesnia
599 914 735 989 crillicis
757 939 871 988 contra
898 915 1115 1011 protellantea
1147 916 1245 984 editis
1348 944 1352 951 ·
1951 939 1953 943 ¹

365 1017 574 1093 methodum
589 1011 794 1087 audacitatis
812 1038 1021 1109 magnorum
1034 1011 1172 1083 fervore
1187 1032 1245 1078 nr·
1336 1014 1388 1106 ns.
1412 1012 1456 1086 X
1456 1014 1477 1087 s
1479 1012 1528 1085 ll.
1554 1005 1637 1108 Qut
1653 1004 1813 1081 baslenua
1828 1007 1984 1100 diximt'u,
1996 1008 2037 1083 ad
2050 1031 2153 1085 caetus

361 1116 495 1205 serint,
531 1112 705 1210 inquibus
731 1109 801 1206 poll
828 1110 909 1208 Jnc.
935 1115 1136 1183 Bantouvrn
1160 1109 1242 1176 Bos·
1282 1116 1416 1181 rorrtani
1443 1110 1599 1181 doctores
1623 1110 1816 1204 cumprimis
1836 1105 2153 1207 spedlant,qui,li
2261 1156 2263 1160 ·

369 1238 554 1297 suerunt,
587 1207 779 1307 episcopum
805 1204 1015 1279 Muldeusem
1060 1203 1144 1301 (ςς)
1188 1203 1242 1302 jo,
1282 1203 1928 1305 apaucisquibusdant,iopraecedenti
1965 1210 2152 1304 aragraplro

370 1314 503 1410 Jacou.
531 1312 896 1391 Scurranncuaava,
930 1300 1048 1401 Jcsnita
1073 1309 1244 1395 Argento·
1282 1307 1575 1388 commemoratis,
1601 1296 1796 1390 discesseris,
1813 1304 1890 1374 inde
1907 1329 1925 1371 a
1941 1231 2047 1401 sango
2065 1329 2152 1379 tent·

367 1409 523 1497 retensis,
549 1412 751 1503 praecipuum
777 1423 866 1474 tenet
890 1404 1029 1498 locum3
1053 1400 1136 1497 (56.)
1160 1399 1243 1470 illud
1282 1426 1366 1499 pore
1392 1407 1478 1474 viarn
1508 1399 1851 1473 audacitatisacrlter
1874 1423 2151 1499 propugnarunt,

368 1526 485 1579 tamen
507 1523 695 1577 meinorato
717 1508 862 1572 maxime
876 1499 909 1570 di
936 1526 1015 1571 num
1036 1502 1131 1568 nobis
1151 1497 1243 1567 vide·
1283 1519 1380 1596 atque
1401 1501 1463 1571 bac
1490 1497 1557 1598 ipsa
1579 1493 1767 1593 disputandi
1791 1499 1956 1589 methodo
1980 1526 2060 1588 eoa,
2093 1508 2152 1597 qni

369 1626 450 1683 tur,
474 1601 567 1699 quod
589 1604 791 1671 recentiores
809 1525 951 1669 eccleisae
973 1595 1145 1694 gallicano
1160 1597 1244 1665 anti·
1283 1598 1323 1667 ab
1354 1597 1488 1668 ecclesia
1519 1599 1670 1669 Romana
1694 1592 1934 1683 secesserunt,
1949 1596 1990 1668 ad
2011 1601 2152 1685 eandem

365 1704 459 1775 ilites
488 1706 613 1771 hancce
635 1694 825 1793 ¹disputandi
851 1702 1038 1778 rationem,
1069 1716 1168 1790 qnam
1187 1715 1245 1762 eo·
1283 1695 1443 1766 reducere
1460 1693 1563 1766 adnisi
1582 1688 1666 1766 sunt.
1693 1696 1779 1786 (59)
1811 1696 2011 1766 Sententiam
2037 1716 2153 1793 prote·

369 1826 448 1873 rum
471 1794 760 1880 antecessores,ac
781 1794 949 1892 speciatim
967 1790 1242 1875 Nrconrus,l⁷e·
1278 1792 1437 1865 vllantintn
1474 1811 1510 1864 nt
1545 1785 1681 1887 copiose
1712 1794 1789 1862 heic
1826 1788 2059 1881 edisseramus,
2097 1799 2153 1865 uix

372 1916 557 1969 nucumve
583 1896 727 1988 aliique,
768 1911 940 1988 tantopere
965 1891 1179 1975 deamarnnt,
1211 1892 1245 1958 in
1284 1885 1723 1986 opusnobisesseuidctur.
1774 1884 2151 1985 Exsnpradidliaenim

372 1993 611 2067 certaminibus
631 2016 707 2061 cnm
722 1992 922 2073 incredulis,
947 1982 1079 2085 prorsus
1093 1981 1247 2057 deseren·
1283 1987 1350 2084 jam
1371 1988 1501 2059 abunde
1528 2004 1642 2086 patet,
1677 2006 1735 2057 eoa
1752 1984 1942 2057 doctrinam
1962 1990 2003 2059 de
2022 1990 2074 2061 ttt‘u
2091 2016 2153 2063 ott·
2185 2029 2189 2035 ·

372 2097 451 2163 dam
476 2086 540 2161 etse
564 2084 769 2159 censuerunt.
820 2090 934 2167 Quum
957 2090 1112 2171 enimsi,
1151 2107 1245 2155 occa·
1284 2086 1441 2159 &orbatis
1464 2085 1592 2156 dudum
1610 2084 1758 2154 unanimi
1783 2082 1871 2179 qnasi
1894 2079 2049 2158 consensu
2070 2097 2153 2175 reje-

373 2189 472 2263 stone
492 2183 637 2265 deismi,
663 2189 697 2253 in
718 2185 824 2254 Gallia
838 2190 944 2282 tnagis
964 2189 1135 2281 magisque
1156 2182 1378 2273 iuva-cisse,
1413 2208 1500 2272 neo,
1540 2189 1574 2255 iu
1615 2183 1811 2275 inquirenda
1847 2183 2007 2270 veritate,
2050 2186 2153 2258 ullam

373 2283 551 2371 sescentis,
576 2306 666 2354 auno
682 2284 778 2368 hnjm
791 2279 889 2353 seculi
910 2278 1166 2380 septuagesimo,
1181 2274 1245 2370 jus·
1283 2280 1406 2360 aliam,
1430 2306 1530 2378 quam
1554 2282 1710 2351 examinis
1727 2299 1824 2376 atque
1852 2281 2045 2376 discatffiouis
2064 2289 2153 2356 uiam
2207 2324 2211 2332 ‚

373 2382 408 2455 ln
432 2389 522 2481 regis
547 2379 826 2459 chrillianislnni,
858 2401 1060 2451 conventum
1079 2378 1244 2474 quendam
1284 2375 1461 2475 adoptasse.
1493 2379 1576 2448 Haec
1596 2382 1719 2473 qnippe
1741 2378 1921 2449 emendam
1934 2380 2155 2475 peerruE·

374 2482 569 2577 generalem
612 2480 749 2549 Lutetiae
784 2476 983 2550 Parisiorum
1019 2477 1246 2559 celebrarent,
1287 2498 1368 2548 uvat
1392 2477 1568 2569 religionis
1588 2472 1668 2545 bafia
1686 2473 1732 2544 esl
1751 2498 1788 2545 ac
1804 2473 2170 2564 sttndamenturn,cui·

375 2580 458 2669 (57)
485 2584 585 2673 inque
600 2601 642 2645 eo
657 2577 698 2645 de
715 2577 853 2661 mediis,
876 2574 1041 2648 lunellum
1060 2576 1167 2644 hocce
1181 2597 1249 2643 ma·
1284 2578 1386 2671 primi
1407 2553 1766 2671 nollrllresormatorca
1788 2569 1923 2645 sortiter
1942 2576 2154 2659 inlliternut,

376 2675 448 2747 lum
471 2679 600 2771 penitus
629 2672 857 2770 cullirpandi,
891 2668 979 2744 serio
1008 2672 1248 2754 deliberarent,
1286 2670 1610 2771 rationibuslonge
1642 2667 1839 2768 grauissimis
1868 2675 2153 2771 comprobantes,

375 2777 551 2846 communi
577 2770 710 2842 tandem
741 2771 880 2843 consilio
917 2768 1090 2842 consedlus
1122 2795 1160 2841 ac
1188 2791 1248 2864 per
1285 2767 1480 2868 scripturam
1508 2768 1634 2841 sacram
1665 2765 1729 2839 esse
1752 2775 1883 2841 unicam
1911 2795 2051 2869 carraque
2076 2799 2155 2871 per·

327 2922 329 2953 ;
374 2890 482 2943 totarn
515 2867 657 2940 Galliam
686 2865 825 2941 llndiose¹
851 2872 1038 2965 divulgatus
1061 2867 1126 2939 suit
1160 2867 1249 2959 (58)
1285 2868 2064 2969 fedamfideivitaeqnenormamacregulam,
2092 2872 2157 2945 do·

326 2966 328 3051 l
376 2967 509 3039 libellus
528 2971 620 3061 isque
640 2963 772 3062 prorsus
791 2972 929 3039 eximius
955 2965 1108 3062 ledlnqne
1124 2958 1249 3061 dignis·
1287 2993 1368 3039 num
1398 2986 1508 3038 autern
1536 2965 1781 3038 infallibilitatia
1806 2991 1867 3036 nec
1894 2966 2054 3054 ecclesiae,
2089 2969 2155 3041 save
2272 3051 2275 3055 .

378 3063 497 3149 finitus,
531 3070 656 3159 inquo
681 3089 749 3134 non
779 3086 904 3136 tanturn
928 3069 1067 3161 ingens,
1093 3064 1184 3156 quod
1209 3086 1249 3131 ex
1287 3065 1461 3149 conciliis,
1484 3090 1546 3137 nec
1566 3062 1731 3161 patribus,
1759 3088 1819 3133 nec
1836 3056 1986 3157 pontiflci
2000 3068 2155 3139 Romano
2217 3141 2220 3145 Α

327 3197 329 3262 t
379 3161 609 3238 incredulitate
633 3171 776 3258 emergit
795 3159 1173 3244 damnnm,clarissnne
1203 3158 1247 3226 ob
1286 3180 1503 3254 corripetere,
1536 3161 1591 3233 sed
1614 3158 1719 3231 solam
1746 3157 2155 3261 sandlioremseriptnram

382 3261 497 3332 oettloa
510 3265 667 3356 ponitur,
682 3258 926 3351 prudentiaque
939 3255 1248 3352 atqneutilitaatum
1286 3257 1585 3332 controverliarum
1616 3257 1760 3351 judicem
1781 3254 1845 3328 esse
1866 3251 2075 3360 eundemque
2104 3271 2157 3335 in.

383 3360 556 3454 'religionis
581 3359 766 3450 generatim
790 3350 963 3451 spcdlatae',
987 3375 1058 3422 tum
1082 3350 1249 3448 speciatim
1288 3354 1487 3440 sallibllem3
1513 3353 1702 3428 facultatem
1726 3356 1856 3454 legendi
1874 3356 2050 3434 sandlioret
2070 3361 2157 3435 litte·

386 3459 564 3529 ebriilianae
590 3450 698 3523 solide
717 3451 981 3536 dernnnllratur‚
1008 3447 1061 3520 sed
1082 3459 1136 3527 dt,
1161 3449 1251 3547 quod
1290 3449 1359 3541 ras,
1386 3453 1763 3530 omnibnscbrilliania,
1790 3480 1831 3524 nc
1847 3456 1934 3528 laicis
1948 3457 2083 3555 quidem
2098 3487 2156 3532 ex-

386 3557 534 3634 utireris,
561 3553 616 3623 uin
641 3556 794 3622 examinis
813 3575 849 3619 ac
867 3550 1081 3643 discuffiunis,
1113 3548 1252 3645 pontifi·
1290 3557 1415 3649 ceptis,
1442 3574 1658 3645 competere,
1699 3560 1734 3624 dt
1760 3578 1831 3647 quae
1862 3551 1934 3626 stunt
1962 3557 2025 3628 alia
2060 3561 2157 3652 bujm

387 3656 442 3723 eiia
464 3649 742 3763 olimtaptopere
765 3646 889 3726 exosa,
914 3648 1119 3746 dilaudatur,
1142 3650 1252 3719 omni-
1289 3655 1422 3748 generis
1444 3650 1612 3747 dogmata.
1665 3655 2015 3745 comprecantium,
2050 3660 2157 3752 iuquit
2353 3686 2360 3697 ·

1337 3748 1400 3819 Cc
1430 3772 1445 3824 3
1712 3819 1715 3824 .
1823 3763 1826 3768 ’
2050 3756 2157 3828 b.Lu.
2223 3745 2224 3749 ¹

424 3868 498 3947 (55)
518 3870 546 3926 in
559 3871 625 3926 libro
641 3873 789 3941 notissimo,
810 3875 855 3942 qui
869 3868 1018 3928 luscrlbltur
1034 3887 1042 3923 t
1060 3864 1203 3946 expofitiun
1219 3865 1252 3925 de

448 3949 495 4023 ,la
509 3948 629 4005 dossrine
641 3949 674 4005 de
689 3949 707 4004 l’
716 3949 796 4029 egidi
811 3947 989 4028 carbasaque,
1013 3953 1087 4019 cnjus
1100 3953 1188 4005 variae
1205 3954 1252 4003 ha·

464 4031 563 4086 benene
582 4032 720 4086 editiones.

430 4133 500 4204 (56)
520 4131 611 4187 Edidit
641 4131 665 4185 is
697 4135 761 4188 iude
796 4135 827 4188 ab
853 4145 923 4187 anno
950 4128 1182 4190 Muccxxv
1204 4154 1250 4171 -

430 4249 432 4254 ·
467 4207 667 4272 mdccxxx.
684 4208 770 4267 douae
777 4208 873 4267 lettres
889 4229 983 4267 currere
998 4209 1037 4266 let
1049 4204 1201 4287 protellaris
1217 4205 1250 4263 de

462 4286 491 4346 lo
514 4281 657 4364 couseffion
683 4286 900 4368 d'Augsbourg,
937 4290 965 4346 sti
998 4307 1109 4360 quarum
1140 4290 1251 4342 secunda

360 4395 363 4406 ¹
468 4371 581 4441 prebete
621 4373 776 4435 annititur,
827 4376 926 4425 nullam
957 4373 1116 4426 Lutuerantc
1147 4370 1252 4435 speran-

467 4451 529 4506 eum
549 4451 599 4502 esse
620 4450 741 4516 salutem,
760 4463 841 4524 parce
868 4445 949 4524 qu¹ils
977 4452 1077 4518 n'ortr,
1095 4443 1251 4579 qu'uuesoi

467 4523 609 4589 banaiae,
625 4521 698 4582 datie
705 4524 758 4605 fier
768 4544 807 4583 utr
818 4523 972 4584 examettde
989 4524 1016 4581 ln
1035 4526 1167 4602 religion.
1203 4538 1250 4578 aare

469 4604 506 4666 r'lr
523 4621 558 4660 ue
566 4600 630 4680 fitur
640 4620 689 4682 pas
707 4602 835 4683 capables.
863 4602 998 4674 Resutavlt
1015 4617 1077 4662 vero
1093 4607 1252 4673 lrarrcceepi·

468 4690 560 4744 slolarn
573 4689 595 4740 b.
616 4690 788 4741 cancellarius
799 4692 938 4743 Prarrrve
954 4684 1021 4741 dures
1033 4683 1060 4741 lu
1076 4677 1181 4759 rep-ause
1194 4700 1252 4738 aux

468 4763 557 4824 donee
575 4762 672 4821 lettres
687 4763 724 4821 du
741 4745 777 4825 15.
794 4760 1010 4840 b'cdeffiubtder,
1028 4767 1152 4836 inprimis
1161 4777 1191 4839 p.
1203 4771 1251 4826 48,

460 4853 511 4905 ⁴6.
529 4834 639 4922 ὄψῃ
669 4847 790 4915 alibique,

431 4959 569 5104 &bne
588 4973 671 5025 hocce
690 4984 822 5026 convertite
836 4972 926 5041 paucis
944 4959 1037 5024 abblnc
1053 4971 1131 5025 annis
1154 4971 1259 5026 Peribis

472 5056 504 5106 lte
523 5054 579 5120 ito,
596 5055 728 5120 peculiare
739 5054 889 5120 scriptulum
906 5052 954 5105 suit
970 5052 1090 5121 editum,
1112 5052 1155 5103 sub
1168 5051 1259 5105 titulos

468 5127 681 5204 Acerrrff'cnuur
704 5135 741 5184 du
771 5134 859 5209 cierge
883 5125 916 5184 de
952 5124 1075 5192 Frauce,
1103 5123 1257 5202 uffemblee

468 5205 574 5298 Paris,
590 5222 644 5287 par
667 5203 818 5287 permissura
850 5205 887 5267 du
916 5204 990 5278 siti,
1020 5224 1081 5267 aux
1103 5203 1200 5285 fideles
1219 5205 1257 5267 du
1313 5217 1316 5224 '

1369 3859 1507 3942 quuttttie
1517 3863 1575 3946 fiir,
1588 3871 1628 3936 les
1640 3863 1758 3947 tiengers
1772 3866 1805 3926 de
1823 3866 2013 3934 s'r'ttcredulirs
2019 3894 2060 3940 ,κα
2079 3884 2154 3938 Pari,

1321 3954 1323 3958 ’
1370 3951 1559 4030 leCCbXX.
1578 3931 1605 4008 sn
1620 3972 1661 4010 ra.
1701 3952 2062 4019 Recensronenrbujuelibelll
2076 3962 2155 4015 dede.

1370 4042 1433 4084 rurrt
1449 4032 1582 4086 doctissimi
1606 4035 1723 4088 austeres
1743 4026 1793 4084 der
1817 4027 1939 4099 ireneside
1974 4028 2157 4113 Religiortsqe·

1361 4103 1504 4183 schitica,
1523 4128 1590 4181 qnae
1607 4116 1651 4172 sub
1672 4111 1794 4179 auspiciis
1818 4113 1847 4163 C.
1869 4112 1914 4169 W·
1937 4111 1968 4165 F.
1989 4115 2157 4181 Waucrur,

1367 4190 1484 4256 theologi
1495 4187 1684 4259 (ioettingensrs
1692 4185 1876 4251 celeberrimi,
1891 4191 2022 4261 prodeunt
2031 4208 2122 4269 ,pern
2133 4193 2160 4253 I·

1353 4282 1443 4327 num.
1453 4263 1487 4327 Χ.
1502 4282 1529 4344 p.
1540 4267 1679 4348 47¹·s‘ss1

1330 4390 1401 4463 (53)
1423 4397 1483 4456 Viti,
1503 4389 1740 4452 lertreeirctelct're
1757 4389 1958 4470 addrtffleuttx
1970 4389 2157 4474 triremesque!

1367 4470 1404 4527 du
1423 4471 1513 4548 cierge
1538 4469 1709 4539 desinam,
1730 4495 1796 4546 qnae
1814 4479 1920 4546 quidem
1941 4479 2045 4545 epistola
2069 4482 2159 4534 libello

1374 4553 1403 4605 ln
1422 4555 1591 4623 praecedenti
1612 4555 1803 4623 notnadlegato
1817 4571 1895 4625 atque
1914 4534 2076 4611 omnibusln
2094 4563 2157 4615 <iai-

1373 4632 1409 4685 lia
1426 4634 1558 4701 episcopis
1573 4645 1650 4702 seque
1665 4638 1866 4704 arciriepiscopls
1880 4637 2026 4690 trartsmisso
2039 4675 2046 4697 ,
2057 4638 2159 4705 subjun-

1375 4712 1411 4764 tta
1427 4714 1468 4764 est.
1519 4715 1656 4778 Rogantut
1681 4715 1709 4766 in
1734 4723 1764 4768 ea
1785 4716 1877 4780 lirrgnli
1901 4715 2065 4771 scelestarum
2092 4720 2158 4773 anti·

1376 4792 1466 4852 ilites,
1487 4800 1516 4843 ut
1533 4794 1631 4844 lumcce
1646 4793 1761 4846 libellum
1774 4797 1801 4847 in
1819 4796 1970 4849 dioecesibus
1986 4795 2029 4849 sni
2046 4791 2160 4866 ditrjett‘n

1376 4870 1471 4937 ubique
1487 4872 1674 4936 divulgarant,
1691 4887 1768 4943 atque
1789 4873 1930 4944 salinaria,
1957 4889 2015 4943 quar
2031 4873 2087 4929 lacit
2108 4895 2156 4948 pro
2211 4875 2228 4904 ·‘

1379 4950 1547 5017 exstirpando
1557 4950 1655 5003 deismo
1675 4939 1872 5020 suppeditantur
1885 4953 1991 5008 consilia
2000 4990 2009 5018 ,
2032 4965 2160 5024 quantum

1378 5028 1435 5081 sieri
1454 5030 1553 5098 potest,
1573 5030 1785 5100 exsequerentur.

1339 5129 1408 5199 (59)
1428 5131 1572 5199 Respondit
1590 5145 1694 5204 qnoque
1708 5147 1801 5189 eorum
1819 5137 1956 5193 conatibus
1974 5147 2163 5206 irortnunquant

1368 5220 1499 5286 euentum
1518 5211 1645 5285 squidem
1667 5213 1740 5272 baud
1760 5217 1855 5289 pauci,
1868 5213 2018 5290 praesertim
2032 5211 2162 5284 luduin.

2138 5306 2167 5358 se
