5442 6225
454 483 543 585 ur,
965 420 1424 571 suarnuuanrvu
1472 479 1747 607 rotronis
1928 519 1948 560 c

453 671 537 743 'non
553 649 594 721 ab
613 676 684 724 unu
695 651 811 752 aliquo
827 679 870 727 ex
888 657 954 745 iis,
971 647 1026 729 sed
1052 658 1175 747 tribus,
1201 654 1256 727 v'ei
1272 650 1334 725 sai-
1374 653 1440 738 sii,
1464 669 1521 723 aut
1532 652 1706 743 juniores,
1731 665 1787 720 aut
1802 649 1969 748 quiantsa
1985 645 2166 741 iam-'Erant
2181 650 2241 759 'osi

469 750 533 816 tim
546 749 686 824 dnobus.
737 755 944 829 Addimus&
959 756 1045 842 hoc,
1070 760 1214 828 omnino
1235 750 1334 824 fuisse
1374 751 1478 822 dinati
1494 754 1515 834 ,'
1528 768 1583 823 aut
1600 753 1657 845 qui
1671 772 1731 846 pcr
1748 744 1863 819 saltum
1880 753 1949 840 (ς)
1971 751 2013 821 ad
2035 750 2239 848 dignitatern

358 890 364 899 -
469 841 710 934 necessarium,
731 871 767 920 ut
779 846 925 950 episcopi
939 852 992 935 isli
1005 859 1196 928 ordinantes
1206 850 1349 949 ipsimet¹
1373 845 1595 946 episcopalem
1614 844 1869 934 adscenderunt,
1896 866 1951 916 aut
1965 853 1999 919 in
2019 846 2136 920 iocum
2151 854 2237 943 inju-

471 938 533 1012 libt
555 944 673 1017 ¹valide
703 948 868 1035 ordinati,
901 950 1099 1049 inhrnuique
1126 942 1333 1037 orthodoxi,
1372 947 1419 1016 lie
1430 943 1658 1041 depositorum
1677 936 1814 1015 suerunt
1832 940 2016 1040 surrogati.
2078 946 2238 1043 Denique

470 1061 545 1110 nun
570 1046 738 1124 haeretici,
751 1071 819 1117 non
830 1043 1045 1136 schismatici,
1065 1075 1135 1122 non
1149 1047 1332 1133 huronsaci,
1369 1045 1463 1140 quod
1480 1125 1481 1129 Ἴ
1496 1044 1564 1131 ΙΙΙ)
1577 1042 1617 1113 ad
1630 1043 1778 1138 formum
1792 1038 2034 1127 ordinationis,
2058 1066 2159 1138 quam
2175 1067 2238 1114 vo·

473 1158 545 1208 non
559 1140 674 1213 intruli
690 1196 700 1228 ,
715 1168 778 1214 nec
796 1150 1090 1231 excommunicati.
1116 1144 1243 1218 Eadem
1257 1168 1333 1217 cau·
1370 1158 1447 1211 cant
1462 1136 1651 1238 efferbuisse
1672 1144 1806 1225 attinet,
1834 1157 1963 1212 certum
1993 1141 2132 1239 quidem
2166 1139 2237 1227 ess,

470 1233 536 1306 teia
567 1236 650 1308 oiim
666 1244 701 1311 in
714 1246 911 1321 ordinandis
932 1268 1066 1342 quoque
1091 1244 1155 1317 suit
1179 1240 1333 1315 observa·
1374 1235 1515 1311 eandem
1539 1237 1626 1311 oiim
1646 1243 1682 1311 in
1708 1242 1837 1336 purifi
1855 1237 1990 1310 scelests
2011 1246 2047 1309 in
2074 1235 2250 1339 filis-¹¹¹²·-

417 1390 419 1395 ,
471 1351 514 1403 ta.
564 1335 696 1408 Scilicet
712 1363 774 1410 nec
790 1343 825 1411 hi
841 1342 1036 1425 criminibus
1057 1343 1163 1423 modo
1184 1363 1335 1414 comme·
1373 1342 1547 1408 nuumtinr
1571 1333 1713 1412 osttione
1733 1336 1950 1434 precibusque
1969 1334 2010 1406 ad
2021 1338 2182 1431 Spiritum
2198 1336 2233 1407 S.

474 1438 631 1520 moraris,
658 1461 720 1514 nec
735 1435 801 1506 ulia
816 1437 879 1529 asia
909 1438 1037 1520 macula
1058 1440 1210 1511 laborare
1235 1437 1335 1509 debe·
1372 1429 1452 1503 fuste
1473 1360 1649 1505 consitisse
1662 1437 1739 1526 (ό),
1766 1433 1882 1532 quibus
1895 1435 1953 1505 ilic
1978 1432 2180 1529 rogabatur,
2198 1430 2251 1505 υἷ’

416 1573 421 1578 -
472 1528 561 1601 bant.
625 1529 793 1629 inculpata
816 1542 925 1630 potius
951 1536 1092 1609 debebat
1124 1533 1188 1608 else
1214 1558 1336 1607 eorum
1374 1528 1528 1601 douasua
1542 1550 1666 1603 novoe
1691 1528 1805 1628 iscopo
1822 1530 1862 1600 ad
1877 1537 1941 1604 rire
1956 1527 2150 1607 obeundum
2162 1556 2239 1602 mn·

473 1630 558 1712 vira,
582 1626 1019 1729 dodrinaqueorthodoxa.
1066 1632 1244 1731 Necquod
1259 1655 1336 1730 por·
1374 1624 1544 1701 nussuum
1562 1557 1738 1701 necessaria
1757 1631 1925 1727 largiatur.
1949 1631 2077 1700 Verum
2088 1624 2238 1722 sequiori

471 1745 514 1791 ro
535 1744 710 1814 notamus,
736 1730 776 1799 ad
808 1735 1056 1802 ordinationem
1077 1731 1337 1805 admittebantur
1375 1749 1448 1796 reso
1468 1731 1504 1797 in
1528 1726 1662 1800 ecclesia
1689 1726 1788 1799 latina
1807 1724 1896 1822 signa
1921 1727 2071 1823 quadam
2095 1742 2238 1819 externa

397 1818 411 1851 *
473 1820 627 1894 nondum
648 1822 821 1919 baptizati,
847 1829 1038 1927 neophyti,
1063 1829 1335 1902 minuariteelr·
1372 1821 1510 1898 suerunt
1527 1823 1637 1897 addita
1654 1822 1739 1922 (7),
1761 1847 1834 1923 quar
1861 1844 1974 1927 tamen
2001 1822 2238 1933 prudentiores

2056 1970 2062 1979 -
2194 1944 2240 1993 ex
2276 1992 2279 2002 ,

424 2142 426 2147 ,
507 2026 566 2135 κ(5)
586 2067 724 2122 Ordinatio
741 2078 790 2143 per
797 2038 904 2144 fielium
920 2090 950 2129 ea
969 2073 1082 2140 dicitur,
1099 2024 1152 2146 qbe
1166 2073 1227 2144 quis
1244 2073 1278 2130 ad
1291 2094 1336 2134 oe·
1451 2067 1534 2137 siquis
1552 2050 1767 2141 pontificalibus,
1786 2069 1988 2126 claudatilhmn
2003 2040 2146 2140 meiero,
2157 2067 2238 2124 item·

561 2146 654 2199 dinem
680 2149 840 2217 superiorem
865 2165 1064 2221 promovetur,
1091 2153 1183 2208 omisso
1206 2154 1335 2213 inferiori.
1453 2163 1506 2217 qne
1523 2151 1563 2214 Jo.
1577 2153 1784 2212 Marianorum,
1803 2154 1948 2207 Euuvnno
1969 2154 2144 2211 Maerens,
2162 2150 2238 2202 ordl-

555 2226 697 2287 s'norrvs‚
723 2230 869 2296 patriarcha
884 2234 1207 2303 Constantinopolitano»,
1232 2236 1336 2290 labente
1457 2227 1502 2280 nis
1520 2228 1683 2283 Benedifflni
1701 2231 1853 2294 monacho,
1876 2231 1988 2299 aliisque
2006 2228 2037 2281 iu
2051 2230 2137 2282 laceto
2150 2228 2244 2295 publi·

553 2303 735 2359 secuso-nono
764 2311 934 2377 exprobravit
961 2313 1051 2366 latinis
1073 2313 1255 2366 ordinationes
1275 2316 1336 2369 ittae

549 2393 602 2455 per
611 2375 727 2455 saltam.
768 2389 957 2445 Raraunum
970 2408 1050 2452 vero,
1068 2391 1247 2446 famosissimus
1257 2393 1336 2461 hujus

552 2459 636 2517 seculi
649 2463 775 2532 scriptor,
802 2470 912 2521 caussam
934 2470 1078 2523 latinorum
1100 2471 1129 2523 in
1149 2471 1175 2522 se
1194 2470 1338 2529 schusen·

553 2538 614 2592 dem
630 2542 738 2611 suscepit
752 2534 817 2599 ltlr.
830 2541 882 2603 IV.
897 2557 992 2603 contro
1012 2539 1182 2601 Graecorum
1203 2541 1339 2623 oppostra,

553 2633 608 2691 clip.
622 2614 705 2676 VIII.
724 2624 785 2688 Jore
799 2626 928 2678 canonico
940 2626 1043 2680 illicita
1055 2628 1191 2694 semperne
1200 2629 1338 2695 prohibitae

554 2695 661 2750 suerunt
675 2701 856 2757 ordinationes
869 2703 1000 2770 ejusmodi
1011 2715 1062 2778 per
1070 2696 1175 2777 fitlrtam
1186 2704 1263 2761 testa·
1277 2720 1349 2783 erp„

551 2768 706 2847 'sollicitudo
721 2780 790 2846 apud
805 2782 993 2836 Ganrrnnara
1018 2777 1084 2857 disp,-
1099 2796 1142 2847 5².
1163 2783 1225 2842 Vid·
1241 2787 1334 2843 sova-

499 2871 501 2874 ·
556 2871 636 2906 usur
656 2849 708 2916 soc,
731 2856 778 2913 cia.
794 2869 829 2991 p
849 2874 883 2914 m.
899 2875 957 2931 253.
984 2866 1170 2917 Bruanium
1189 2863 1217 2914 in
1233 2852 1366 2940 arhgitts'

556 2926 693 3005 eccsepsnst.
712 2945 776 2989 toan.
837 2949 863 3011 p.
882 2952 940 2998 ¹49·
954 2932 1028 3012 sqq.
1049 2941 1075 2992 ἃ
1088 2942 1128 2997 ill.
1142 2945 1334 2998 erraneam

555 3005 666 3084 injure
681 3007 816 3087 eccleſsiis.
830 3011 1038 3092 proeellnrn'im
1053 3030 1120 3074 som.
1137 3015 1160 3075 1.
1172 3013 1236 3076 libr.
1251 3017 1275 3077 1.
1286 3022 1335 3078 rit.

558 3083 611 3146 Ιχ.
625 3086 650 3161 §a
667 3105 706 3144 22·
721 3104 749 3167 p.
764 3107 825 3161 4120
969 3102 974 3114 Ι

508 3164 561 3242 (⁶)
585 3171 720 3242 Habemus
734 3173 796 3227 heic
811 3175 918 3231 Graecos
940 3177 1016 3232 nobis
1042 3181 1261 3243 consentientes,
1287 3181 1333 3249 qul

502 3267 505 3274 ·
555 3264 604 3319 per
616 3250 693 3303 solam
712 3251 904 3321 impostionem
924 3272 1049 3311 manuum
1065 3260 1248 3315 &orationem
1263 3259 1334 3312 ordi·

555 3328 678 3381 nationes
699 3329 782 3384 sacras
799 3333 942 3387 hodienum
961 3336 1109 3402 perficiunt.
1150 3343 1223 3395 Pater
1234 3339 1283 3390 hoc
1298 3353 1334 3390 ex

555 3421 648 3459 eorum
669 3402 840 3485 euchologio,
867 3430 896 3466 ac
911 3414 1005 3467 satetur
1020 3417 1072 3478 id,
1097 3418 1144 3485 qui
1165 3409 1335 3489 euchologiota

493 3550 495 3554 Ι
555 3475 702 3557 ihnl,fia·e
716 3484 818 3542 rituale
834 3482 1018 3556 Graecorum,
1037 3495 1141 3551 Parisiis
1149 3495 1336 3552 Mocxsvts.

556 3565 601 3617 sol.
613 3564 710 3626 edidit,
724 3569 784 3633 με.
793 3569 924 3634 Goaris,
935 3572 964 3625 in
972 3573 1022 3625 suia
1031 3572 1136 3633 natira.
1144 3579 1199 3631 aso·
1209 3569 1335 3630 rrumsl.

557 3643 637 3699 Nova
660 3642 737 3710 hu'jna
753 3648 843 3715 operis
868 3650 949 3704 editio
974 3653 1096 3708 Veneriis
1117 3643 1335 3710 MDCCXXX.

444 3777 447 3784 ,
557 3722 657 3790 prodiit
666 3723 693 3775 in
711 3717 754 3781 sol.
776 3727 893 3796 Utraque
907 3730 988 3783 editio
998 3762 1007 3789 ,
1019 3729 1143 3797 inprimis
1157 3729 1243 3797 prior.
1255 3731 1334 3784 hodie

556 3816 664 3868 perrara
677 3802 722 3857 est.
760 3808 849 3874 Atque
871 3808 941 3862 bunc
964 3809 1045 3862 ritum
1059 3808 1249 3871 ordinationis,
1276 3826 1334 3878 quae

506 3883 509 3890 '
556 3879 586 3933 fir
604 3897 650 3949 per
666 3882 888 3938 soiainmanuurn
907 3886 1122 3953 impostionem‚
1149 3886 1250 3954 semper
1275 3888 1338 3941 reti·

556 3960 728 4017 nuitetclesra
738 3979 790 4016 nou
801 3974 902 4017 tantum
919 3966 1025 4026 Graeca,
1044 3965 1087 4016 sed
1102 3964 1129 4017 δι
1143 3965 1241 4026 latina,
1258 3967 1337 4035 usque

391 4051 395 4060 ’
501 4071 503 4075 -
552 4040 587 4093 ad
600 4041 712 4094 seculum
725 4041 874 4111 decimum,
894 4042 1064 4097 ubidostores
1078 4043 1216 4098 scholastici
1232 4044 1266 4097 ad
1282 4060 1337 4098 ma·

555 4119 650 4184 petiam
667 4118 844 4176 ordinationis
862 4120 928 4174 alias
948 4135 1044 4188 easque
1067 4122 1135 4174 haud
1152 4136 1247 4190 paucas
1266 4133 1338 4177 retu·

482 4259 486 4267 p
555 4200 645 4253 lerunt
668 4197 850 4260 caerimonias,
871 4200 1019 4268 dequibus
1042 4200 1151 4258 innota
1175 4200 1337 4272 subsequenti

553 4280 683 4332 nonnulla
700 4276 830 4332 dicemus·

513 4354 566 4431 (7)
593 4360 655 4410 Huc
674 4355 803 4423 pertinet,
824 4365 919 4424 prater
935 4354 1100 4419 unitionem,
1121 4356 1228 4413 traditio
1244 4360 1342 4416 calide.

552 4433 580 4489 dr
604 4446 720 4502 patenae,
742 4434 861 4502 itemque
884 4433 946 4501 pedi
965 4435 1118 4501 pastoralis,
1136 4440 1250 4508 annuli,
1270 4442 1336 4494 alio·

552 4529 665 4579 rumque
682 4513 939 4581 instrumentorum,
965 4513 1091 4568 sacerdoti
1114 4526 1191 4586 atque
1214 4519 1334 4589 episcopo

546 4592 770 4664 ¹necessariorum,
789 4599 822 4642 ac
837 4589 942 4644 tandem
963 4593 1070 4647 traditio
1095 4595 1154 4648 iibri
1177 4598 1330 4664 evangello·

436 4695 441 4726 ·.
547 4687 616 4728 rum.
657 4672 755 4725 Verum
773 4669 847 4726 hoste
866 4667 935 4723 titus
956 4665 1135 4725 ordinationis
1150 4689 1166 4725 a
1179 4675 1328 4729 dosioribua

550 4746 705 4801 scholasticis
723 4746 751 4798 in
764 4748 844 4800 latina
861 4749 967 4803 ecclesie
976 4750 1160 4813 introdusioa,
1172 4756 1249 4807 multi
1259 4754 1333 4821 lique

549 4825 715 4879 eruditishmi
729 4827 758 4878 iu
773 4827 877 4880 ecclesia
887 4830 1007 4882 Romana
1022 4830 1088 4893 viri,
1107 4831 1249 4885 recentiori
1257 4846 1332 4884 cum·

548 4904 644 4974 primis
655 4920 712 4957 oevo
724 4902 784 4972 jure
794 4906 940 4974 meritoque
952 4908 1112 4975 rejecerunt,
1133 4909 1258 4978 quoniam
1275 4925 1330 4962 nou

550 4992 653 5036 santum
674 4983 812 5036 sansliotes
831 4984 925 5040 tittere
947 4989 980 5040 de
995 4987 1031 5039 iis
1050 4986 1155 5054 prorsus
1173 4986 1266 5045 hient,
1286 4988 1330 5041 sed

526 5123 528 5128 ,
546 5061 574 5118 δι
590 5076 625 5113 ex
638 5071 678 5115 tot
692 5063 846 5120 ulinornm
855 5097 866 5129 ,
886 5064 1039 5122 Graecorum
1054 5064 1082 5117 δι
1095 5062 1265 5118 orientalium
1282 5081 1329 5121 att·

1455 2320 1514 2358 eam
1530 2307 1610 2359 editis
1619 2309 1766 2362 luculenter
1783 2318 1873 2377 patet,
1894 2324 1941 2362 eos
1954 2307 2042 2360 medio
2057 2306 2165 2360 demum
2178 2322 2239 2361 aro

1455 2383 1486 2436 in
1497 2385 1604 2439 ecciesra
1618 2387 1699 2440 satim
1715 2387 1898 2450 summussos,
1915 2388 1945 2442 in
1956 2385 2069 2463 ecclesiis
2082 2399 2149 2439 vero
2164 2387 2240 2440 Grae·

1457 2463 1498 2516 ois
1519 2474 1598 2534 atque
1621 2466 1799 2522 Orientalibus
1824 2470 1855 2522 in
1874 2467 1945 2521 hunc
1972 2464 2051 2535 osque
2077 2463 2150 2519 diem
2168 2480 2240 2518 non·

1454 2540 1520 2594 dum
1537 2553 1657 2610 receptos
1673 2545 1743 2607 esse„
2156 2554 2159 2559 '

1399 2617 1478 2691 ¹lion
1493 2618 1633 2675 defuerunt
1656 2632 1763 2687 tameo,
1779 2626 1851 2694 quod
1862 2620 1921 2680 heic
1941 2623 2142 2695 pretermittere
2162 2625 2246 2677 nola·

1459 2715 1537 2761 mus,
1561 2710 1619 2753 rum
1638 2701 1804 2769 antiquiori,
1831 2714 1888 2759 tum
1909 2702 2051 2759 recentiori
2075 2703 2155 2756 hoece
2176 2719 2239 2758 aeuo

1454 2778 1578 2830 nonnulli
1595 2782 1870 2842 exhonorantibus,
1894 2783 2009 2852 quinon
2026 2779 2106 2835 aliam
2124 2796 2241 2848 agrove·

1455 2865 1518 2908 runt
1535 2856 1692 2910 essentialem
1703 2858 1863 2922 materiam,
1883 2877 1962 2929 quarn
1976 2859 2167 2930 pmrestionem
2177 2860 2241 2912 isto·

1453 2950 1513 2987 rum
1528 2934 1776 3000 instrumentorum,
1795 2954 1853 3008 quae
1863 2939 1942 2993 modo
1953 2939 2243 2996 commemoravimus,

1456 3024 1506 3063 uec
1527 3013 1606 3064 aliam
1627 3008 1770 3088 fhamam,
1801 3034 1879 3088 quam
1904 3020 1983 3073 uerba
2001 3019 2063 3077 huic
2078 3017 2238 3085 possessioni

1454 3089 1587 3157 injurtam
1602 3091 1683 3160 ipsam
1698 3097 1965 3168 veroimposrtionem
1979 3108 2160 3152 manuumaur
2174 3112 2241 3150 con·

1453 3169 1578 3224 sudetuut
1604 3189 1664 3225 curn
1690 3176 1853 3243 porrectione
1872 3178 2125 3237 inhmmentomma
2153 3174 2239 3229 auth

1454 3248 1621 3313 distinxere,
1641 3255 1753 3308 eandem
1767 3257 1897 3311 duntaxat
1912 3260 2054 3314 voluerunt
2072 3253 2240 3308 caerimonia·

1457 3329 1609 3398 semetque
1631 3334 1829 3388 occidentalem.
1870 3338 1915 3390 Ex
1936 3333 1986 3389 his'
2001 3333 2156 3402 cumprimis
2181 3334 2240 3386 heic

1455 3408 1612 3462 nominandi
1630 3413 1740 3466 veniunt
1757 3413 1921 3469 Dorrtmcv's
1938 3416 2032 3476 Soro,
2047 3424 2126 3480 geute
2143 3411 2240 3479 Hispa·

1457 3503 1529 3546 nus.
1560 3488 1663 3544 ordinis
1687 3493 1858 3546 Dominicani
1875 3496 2037 3554 monachus,
2056 3491 2142 3545 seculo
2164 3492 2240 3548 XVI.

1457 3568 1562 3625 clarus,
1582 3565 1610 3619 in
1630 3572 1677 3625 tv.
1690 3566 1751 3640 dist.
1769 3586 1813 3630 24·
1833 3585 1880 3645 qu.
1897 3590 1919 3627 t.
1934 3571 2015 3627 artic.
2033 3585 2058 3631 4.
2075 3563 2195 3624 cranius.
2210 3582 2239 3635 s·

1454 3647 1492 3712 Jo.
1504 3644 1696 3712 Chananeus,
1716 3649 1904 3711 Tboiolsamts,
1925 3646 2241 3716 eidemordini·adsetip·

1453 3735 1517 3784 rus,
1533 3726 1727 3797 acerrimusque
1748 3730 1872 3784 desirinae
1885 3730 2050 3785 Thomiiiicae
2069 3726 2186 3798 vindex,
2208 3729 2240 3780 itt

1457 3796 1510 3855 IV.
1520 3797 1781 3875 eadeurdillirrsiiorre
1791 3848 1798 3871 ,
1808 3803 1908 3883 quaesi,
1924 3801 1948 3862 I.
1957 3822 2019 3867 ort.
2032 3820 2055 3863 3.
2068 3800 2107 3859 ad
2114 3819 2137 3866 s·
2158 3806 2238 3861 Gne·

1458 3897 1563 3935 eoarvs
1588 3901 1625 3936 ne
1642 3888 1820 3946 Versum,
1840 3896 1918 3953 geute
1938 3888 2090 3956 Hispanus,
2106 3884 2238 3938 societatis

1460 3960 1516 4029 Jesu
1535 3960 1668 4026 sacerdos,
1701 3967 1743 4018 sua
1760 3977 1836 4020 aetate
1858 3967 2016 4023 eruditionis
2037 3964 2114 4017 laude
2130 3966 2263 4034 clatus,-

1457 4030 1554 4111 ἅψαι.
1566 4035 1641 4096 XIX
1655 4039 1687 4096 de
1695 4036 1999 4117 sacramenroordinis,
2016 4036 2117 4118 quaest.
2130 4035 2240 4117 sparr-

1457 4117 1499 4173 ssta
1517 4132 1538 4173 5.
1564 4121 1713 4176 Gvrcrscrr
1738 4128 1871 4185 Eamus,
1897 4122 2080 4178 Gorcomeusts
2102 4125 2238 4184 Batavos,

1457 4199 1596 4265 theologus
1610 4198 1635 4252 u
1649 4203 1820 4256 cancellarius
1828 4203 1966 4256 academiae
1981 4200 2138 4260 Duacensrs,
2148 4195 2242 4258 inIV.

1414 4285 1423 4334 ζ
1458 4270 1573 4344 distinct.
1585 4277 1666 4339 ms·
1682 4294 1724 4342 ²4.
1735 4281 1925 4349 &cumprimis
1939 4282 2077 4334 (innaret.
2087 4281 2238 4343 Vaaqrez,

1458 4354 1552 4425 Jesuita
1565 4356 1713 4425 Hispanus,
1730 4360 1795 4413 olim
1805 4360 2033 4426 celebratissimus,
2053 4357 2086 4412 irs
2096 4351 2155 4410 III.
2162 4368 2239 4432 porr.

1404 4461 1408 4466 -
1458 4426 1623 4506 disponis.
1636 4446 1693 4510 cap,
1709 4452 1740 4496 4.
1755 4435 1801 4492 bbi
1811 4440 1844 4491 de
1855 4440 1963 4492 materia
1977 4438 2240 4568 diaconatumeue,

1459 4513 1609 4583 sequentem
1625 4515 1653 4566 in
1676 4515 1783 4570 modum
1802 4507 1909 4570 scribit:¹
1931 4506 2126 4586 Communirf
2150 4515 2239 4570 restria

1457 4587 1514 4664 est,
1528 4584 1615 4665 salam
1637 4589 1811 4652 ordinarem
1836 4587 1903 4648 libri
1925 4589 2135 4665 evangeliorum
2153 4607 2239 4649 mose·

1456 4671 1528 4725 rinm
1541 4664 1590 4744 effe
1601 4665 1685 4746 hujus
1691 4668 1873 4747 sacramenti,
1885 4662 1933 4730 ·s9¹
1941 4665 2002 4747 saia
2020 4666 2119 4735 versor
2138 4668 2239 4747 quibus

1455 4745 1595 4813 truditur,
1615 4746 1663 4823 effe
1669 4749 1812 4825 fhrnram:
1833 4745 2051 4829 quampridem,
2071 4753 2181 4821 inqntr,
2196 4756 2237 4809 ise

1456 4842 1551 4883 aeram
1562 4827 1609 4882 exi
1618 4828 1700 4895 simo,
1720 4846 1751 4889 aa
1765 4832 1903 4909 oppositam
1916 4846 1970 4887 nara
1978 4826 2069 4904 fialam
2079 4845 2145 4884 nora
2155 4845 2239 4887 reme·

1455 4905 1567 4970 sitatis,
1580 4827 1633 4981 sm
1650 4914 1754 4966 erraris
1774 4912 1856 4966 eriam
1872 4909 2033 4966 inurendam
2048 4901 2097 4982 effe
2110 4906 2241 4986 crustant.

1453 4987 1710 5052 Praetermittimus,
1730 4990 1865 5046 breuitatis
1881 4990 1966 5044 lindio
1977 5025 1986 5052 ,
1997 4989 2240 5057 aliasscriptorutu

1455 5066 1621 5137 quorundam
1638 5069 1833 5141 pontitctomm
1851 5070 1898 5126 hac
1908 5069 1942 5125 de
1961 5085 1990 5128 re
2007 5069 2156 5131 sententias,
2173 5085 2240 5141 quas

2120 5154 2238 5224 uonna,
