5442 6225
316 468 326 486 '
457 513 528 585 uu
821 452 1027 578 ¹rocus
1059 499 1203 612 xxiv.
1257 494 1442 575 ctrvr
1468 496 1546 573 ιιι.
1596 496 1752 575 sacr.
1778 500 1841 583 vr.
1883 498 1923 513 ··

459 692 565 749 uero,
589 658 676 742 extu
692 668 767 744 eod.
784 668 827 739 *Si
851 666 935 741 'vern
957 669 1168 760 eccleliallica
1188 662 1328 766 persona
1365 688 1444 763 gere
1464 669 1524 756 juri
1549 683 1739 763 patronatus
1758 690 1769 758 ;
1790 659 1889 738 secut
1915 674 2013 764 q'uam
2037 661 2096 737 libi
2113 666 2235 761 imagi-¹

460 773 509 863 jus
526 785 715 865 patronatus
735 768 855 847 habet,
881 764 1029 840 intrasex
1045 765 1173 840 menses
1189 763 1329 866 prtrsen·
1366 782 1486 835 uantur
1502 765 1600 839 multi
1620 791 1661 837 ex
1673 766 1841 864 patronis,
1866 767 1923 863 qui
1939 790 1983 835 eo
2004 767 2145 835 nornine
2160 761 2234 857 san·

459 854 623 953 sationem
639 859 729 941 facit,
780 867 817 941 P.
835 869 990 941 tuncrus
1017 866 1073 941 lib.
1094 872 1156 943 lli.
1186 867 1227 936 de
1246 888 1327 937 con·
1366 862 1457 933 dum
1482 869 1516 934 dt
1534 868 1678 934 maxime
1695 857 1912 935 necessarium
1936 862 2129 935 visitatiouia
2148 886 2235 959 opue

412 992 414 996 ·
461 969 522 1041 tiu.
539 958 622 1037 caus.
637 985 895 1058 cap.19.n.17.
943 963 1328 1059 llecintcrell,anpln-
1363 965 1441 1031 totis
1464 952 1590 1032 viribus
1624 961 1847 1059 impediunt,.
1869 986 1913 1034 ne
1945 967 2007 1053 ju'ri
2038 978 2233 1057 patronatus

401 1154 403 1158 Ι
460 1060 814 1162 retpatronisrursrve
835 1086 936 1151 unua,
964 1065 1153 1137 dummodo
1173 1061 1196 1134 li
1218 1061 1328 1159 plures
1363 1058 1533 1156 quidpiam
1550 1058 1698 1134 decedat.
1752 1062 1805 1149 a.)
1825 1057 2261 1135 Rarioueaecelesrassico·

456 1161 541 1247 siut,
568 1166 602 1233 in
626 1157 854 1253 presentando
879 1185 997 1234 omues
1017 1164 1071 1235 uel
1099 1180 1189 1235 certe
1218 1159 1328 1256 major
1362 1181 1439 1229 rum
1454 1158 1645 1245 redituum,
1673 1157 1781 1253 vulgo
1802 1161 1854 1229 die
1873 1158 2257 1257 Kastmrerltnungee‚·

462 1284 583 1333 eorum
603 1280 677 1354 pare
707 1263 741 1330 in
759 1260 916 1331 eumdem
939 1267 1159 1340 conueniant,
1193 1284 1231 1333 ae
1253 1282 1327 1355 pos·
1363 1255 1402 1325 ad
1420 1259 1468 1345 jue
1485 1251 1671 1352 episcopale
1698 1280 1768 1327 non
1786 1254 1828 1327 ad
1850 1255 1900 1349 jue
1916 1276 2108 1353 patronatua
2127 1261 2233 1354 perti-

460 1354 536 1432 suut
579 1361 687 1429 attoni
714 1355 849 1431 interse
869 1353 1004 1454 pacisci,
1042 1379 1077 1431 ut
1098 1358 1329 1428 alteruirvici·
1362 1377 1464 1439 nerc3
1492 1351 1581 1426 secus
1601 1378 1701 1450 quarn
1720 1354 1977 1427 liatuuntrnulti
1998 1360 2234 1454 expnrrouis,

463 1456 523 1529 bus
545 1382 866 1554 lsngusipratsentent
879 1482 909 1531 c.
926 1481 958 1533 a.
973 1456 1014 1526 de
1028 1462 1097 1547 jure
1106 1476 1238 1552 patron.
1250 1461 1283 1524 in
1295 1466 1328 1525 6.
1364 1456 1420 1546 qui
1442 1447 1769 1547 superintendentem
1780 1450 1956 1527 ¹ad'earum
1970 1481 1987 1525 a
2002 1453 2168 1552 p'ratsedliu
2187 1478 2232 1524 κ·

461 1566 532 1632 Hoc
550 1556 597 1627 'us
611 1567 812 1649 patronatus
824 1561 857 1626 in
871 1553 1106 1629 constitutione
1118 1552 1330 1627 ecclesiastica
1365 1551 1446 1620 rarii
1458 1548 1666 1625 ecclesiastici
1680 1552 1888 1623 exaclionetn
1899 1552 2074 1624 admittere
2087 1557 2234 1624 omniuo

462 1576 635 1724 eleisorali
650 1653 869 1749 adprobatur,
897 1658 931 1723 dt
948 1652 1031 1738 illie,
1058 1655 1175 1750 quibua
1189 1647 1330 1746 legeres
1365 1641 1527 1723 recusant.
1580 1650 1635 1738 4.)
1661 1651 2057 1736 Excomnmnieationem
2074 1670 2147 1722 turn
2164 1673 2235 1721 ma·

322 1794 324 1801 ,
461 1743 700 1833 cousuetudine
717 1750 770 1827 vel
786 1750 861 1827 aliia
878 1742 1023 1824 honeslia
1041 1752 1144 1827 titulis
1156 1752 1329 1853 competit,
1362 1751 1470 1838 forem
1494 1765 1566 1819 turn
1598 1752 1767 1820 minorem
1800 1772 1877 1821 cum
1906 1769 2000 1821 certo
2018 1744 2178 1844 respectu
2194 1772 2236 1821 ae

462 1846 703 1924 confirmatum·
1361 1846 1469 1922 tundo
1492 1844 1534 1915 ad
1564 1841 1750 1942 episcopale
1775 1851 1823 1939 lm
1844 1852 2023 1944 pertinent,
2053 1846 2145 1944 quod
2172 1869 2234 1942 per

511 1948 543 2043 ι
560 1947 680 2021 CXIV.
715 1946 768 2018 Ex
787 1944 870 2030 illic,
896 1968 970 2042 quae
996 1944 1038 2019 de
1053 1944 1127 2043 jure
1140 1941 1330 2043 ¹episcopali
1360 1940 1690 2027 confissorialessuos
1707 1944 1898 2017 reformata
1915 1946 2089 2044 religionis
2103 1949 2232 2040 princi·

359 2062 363 2067 '
462 2047 498 2116 ἀ
514 2063 704 2139 patronatus
718 2048 805 2117 inter
820 2040 853 2113 se
870 2044 1052 2139 plurimum
1069 2045 1226 2119 dillindiis
1243 2045 1330 2122 diui·
1363 2060 1615 2138 pes-exercent,
1641 2067 1712 2115 non
1730 2041 1852 2117 debere
1875 2053 2006 2141 privato
2023 2043 2165 2117 miniilri
2179 2066 2244 2115 ee·-·

461 2165 555 2226 mus,
581 2141 774 2241 colligimus
791 2138 1094 2215 hacconsedlaria:
1123 2146 1172 2234 ι.)
1199 2144 1269 2213 Nec
1279 2149 1327 2213 in·
1363 2138 1467 2213 clesrae
1490 2140 1627 2211 arbitrio
1653 2142 1776 2239 absque
1806 2147 1981 2215 autoritate
2009 2150 2044 2217 dt
2072 2134 2245 2213 utendus

460 2242 687 2325 ilitutioneru,
713 2260 776 2313 uec
792 2244 1039 2325 remotionem,
1066 2241 1129 2313 sure
1146 2240 1326 2337 deposuio-
1361 2236 1545 2309 coustllorii
1559 2243 1726 2325 exerceri,
1752 2242 1843 2339 quod
1863 2238 1968 2335 ipsum
1987 2245 2086 2312 etiam
2101 2237 2233 2312 disertio

460 2363 540 2410 uem
554 2334 786 2415 ministrorum
807 2335 958 2411 ecclesiex
973 2359 1167 2436 competere
1185 2345 1244 2424 lia,
1263 2343 1327 2435 qui
1364 2342 1398 2411 dt
1412 2338 1568 2431 gravibus
1588 2338 1697 2410 uerbis
1714 2344 1748 2409 iu
1765 2338 2001 2417 constitutione
2022 2337 2140 2413 eccles.
2165 2337 2235 2411 ele·

462 2437 534 2531 jure
551 2452 741 2532 patronatus
758 2434 935 2514 fruuntur,
961 2462 1038 2509 cum
1056 2443 1218 2534 pertineat
1231 2435 1329 2528 adjus
1365 2435 1483 2506 slorali
1505 2460 1575 2531 cup.
1592 2438 2038 2534 deexconunprohibetur.
2076 2442 2127 2524 5.)
2150 2432 2234 2508 Nou

465 2529 669 2632 episcopale,
688 2557 752 2631 qua
778 2535 820 2611 de
840 2557 880 2603 ro
903 2534 1025 2608 exslant
1052 2531 1164 2607 diserti
1186 2560 1329 2612 canones
1364 2526 1472 2603 solum
1491 2539 1539 2624 jus
1556 2554 1767 2630 patronatus,
1792 2532 1848 2607 sed
1863 2542 1964 2608 etiem
1979 2538 2028 2625 lua
2044 2530 2234 2635 episcopale

464 2659 494 2711 c.
511 2651 688 2727 preterea,
718 2657 747 2705 c.
762 2630 854 2728 quod
876 2651 1007 2711 amem,
1032 2658 1060 2703 c.
1082 2638 1330 2729 querimoniam
1366 2655 1403 2701 ea
1423 2633 1606 2706 chrislianae
1631 2634 1873 2705 moderationis
1899 2638 2022 2707 trutina
2047 2630 2235 2705 exercenda

463 2756 541 2801 cum
565 2730 661 2811 laici,
694 2754 724 2808 c,
743 2726 927 2816 consuluit,
955 2726 1183 2828 c.suggellurn
1200 2733 1242 2802 de
1260 2730 1330 2809 iure
1366 2724 1449 2810 esse,
1475 2754 1518 2799 ne
1531 2729 1697 2816 ecclesiae,
1717 2738 1769 2802 eui
1786 2733 1896 2828 pallor
1910 2731 2036 2805 dandus
2054 2733 2122 2819 eil,
2151 2757 2233 2803 con-

460 2850 592 2926 patrnn.
641 2825 694 2901 nd
719 2820 798 2901 eunt
820 2830 950 2921 igitur,
983 2832 1039 2924 qui
1069 2824 1254 2927 episcopale
1282 2834 1330 2917 jus
1364 2819 1521 2897 sensus&
1541 2825 1769 2898 tessimonium
1787 2833 1883 2923 plane
1901 2830 2114 2922 excludatur3
2139 2832 2234 2902 ideo·

462 2944 614 3013 exercet,
640 2930 781 2997 crimina
807 2924 1036 3001 minillrorum
1068 2924 1268 3020 deserenda,
1294 2930 1328 2999 δι
1364 2946 1428 3020 que
1443 2919 1465 2991 ιι
1483 2922 1616 2993 ecclcfia
1629 2926 1756 2996 ‘habeat
1777 2922 1869 3011 iulias
1885 2936 1919 3000 dr
1935 2949 2139 3026 pregnantes
2158 2954 2235 3000 cau·

384 3054 396 3067 ²
460 3027 616 3121 legitimo
637 3020 740 3100 causae
754 3026 906 3103 examine
920 3021 1085 3120 praemissu
1107 3024 1146 3099 de
1162 3027 1328 3097 remotio.
1363 3020 1410 3095 ses
1433 3023 1472 3089 in
1495 3017 1670 3114 personam
1689 3021 1913 3120 praesentatam
1931 3034 1964 3101 ἀ
1983 3027 2115 3123 publice
2141 3028 2236 3099 audi·

316 3184 336 3202 .
460 3117 782 3220 itedispicieudum3
808 3118 1015 3218 secusquam
1040 3125 1143 3198 hodie
1164 3122 1202 3195 fit
1226 3122 1329 3196 iulo·
1363 3117 1788 3214 tmnonconsentiendi,
1823 3123 1985 3196 audienda
2006 3131 2146 3197 omuino
2167 3125 2231 3214 esi,

342 3229 348 3236 ’
461 3219 766 3316 eitcoutpluribur,
793 3220 848 3292 ubi
871 3223 1001 3313 patruni
1027 3216 1213 3292 absolutum
1230 3223 1277 3310 jus
1296 3226 1329 3293 in
1364 3244 1426 3291 nec
1443 3219 1794 3298 invitaeobtrudendue
1817 3225 1863 3293 eil
1887 3224 2053 3308 minisler,
2104 3228 2232 3296 uianec

461 3321 630 3391 tuiuillros
646 3316 703 3388 fibi
717 3315 896 3392 ¹uindicatur
917 3342 980 3409 pro
1000 3317 1104 3397 lubitu
1123 3342 1181 3392 eot
1204 3317 1328 3396 iuilitm
1367 3314 1555 3413 episcopale
1582 3343 1644 3392 nec
1662 3339 1851 3414 patronatus
1869 3328 1916 3412 jus
1940 3249 2161 3396 ccclesrailicie
2180 3331 2238 3393 cae*

463 3418 560 3501 cudi,
583 3442 620 3494 ac
644 3413 909 3488 incomoueudi.
962 3423 1012 3503 2.)
1039 3417 1245 3496 Vilitationct
1273 3418 1326 3488 ucl
1364 3417 1507 3491 uonibu'a
1529 3419 1778 3504 introducimur,
1812 3420 2150 3515 praejrtdirareporell
2173 3435 2261 3516 pov*

338 3539 340 3544 ·
460 3512 615 3612 speciales
630 3512 682 3584 uel
705 3511 876 3607 generales
891 3512 1007 3600 abeo,
1031 3519 1089 3614 qui
1109 3520 1188 3607 juris
1204 3510 1329 3610 episco·
1414 3514 1518 3587 tellati
1539 3515 1611 3602 jure
1633 3517 1750 3585 diuino
1773 3522 1834 3593 toti
1855 3518 1998 3590 ecelesiae
2024 3524 2058 3592 iu
2084 3523 2188 3590 mini·
2207 3527 2224 3566 ι
2245 3521 2255 3572 ²·

459 3616 542 3713 palis
561 3613 740 3688 eminentia
762 3606 907 3703 fruitur,
939 3613 1106 3692 inssituur
1122 3614 1208 3699 nihil
1229 3613 1327 3699 tero·
1511 3609 1659 3694 litorum
1676 3614 1842 3695 electione
1858 3619 2075 3718 competenti.

1131 3765 1407 3901 'sucuro
1456 3785 1545 3893 ιιι

560 3997 631 4070 uu
682 3998 967 4076 curruum
1011 3999 1072 4102 Ιιιι
1121 4003 1467 4084 vocn'rtouu
1518 3939 1928 4106 ntrutsruuituu
1963 4006 2165 4078 runnu»

610 4122 616 4134 ·
1160 4126 1556 4206 orsuuvuuurs.
1927 4169 1931 4175 -
2102 4137 2107 4146 ·
2231 4141 2234 4146 ·

444 4283 652 4388 Ql‘sfaftqd·
756 4287 791 4387 §.
813 4291 920 4368 CXV,
947 4291 991 4362 Vt
1014 4287 1164 4388 legitima
1189 4300 1223 4370 ὰ
1246 4295 1325 4365 Deo
1360 4295 1454 4390 giavi
1468 4293 1657 4392 consilio&
1678 4289 1847 4393 praemissu
1861 4291 1902 4365 ad
1918 4293 2030 4367 Deum
2049 4289 2140 4367 seriie
2160 4320 2237 4392 pre·

458 4363 656 4504 assessis?
706 4388 1251 4555 gratalitmiuillroruutelediio,
1275 4394 1327 4465 di·
1361 4392 1466 4465 cibus.
1516 4399 1596 4498 Qu
1619 4399 1718 4465 euim
1749 4394 1914 4491 augusliut
1939 4419 1978 4465 ec
2007 4395 2154 4466 divinius
2189 4393 2237 4466 esl

457 4466 565 4584 sentim
585 4447 634 4582 ᾖ,
721 4490 852 4583 igenter
870 4493 905 4557 iu
926 4492 993 4558 hoc
1020 4497 1159 4582 negotiu
1175 4492 1327 4591 quedam
1362 4495 1430 4563 hoc
1446 4501 1644 4588 negotium,
1672 4517 1716 4563 eo
1733 4497 1862 4588 majore
1878 4493 2053 4590 prudentia
2070 4501 2101 4564 dt
2117 4495 2238 4563 ardeu-

491 4605 591 4686 guut?
653 4666 657 4672 ,
714 4584 858 4655 cavenda
878 4582 970 4670 suut,
995 4589 1164 4678 tunrillir,
1190 4598 1249 4687 qui
1274 4616 1328 4661 ec·
1361 4589 1503 4662 rioribus
1529 4595 1680 4688 precibus
1702 4595 1738 4663 in
1771 4617 1813 4663 co
1837 4595 2029 4688 peragendo
2060 4617 2143 4688 opus
2170 4587 2237 4663 esse

384 4689 390 4696 ”
479 4753 483 4758 ,
634 4741 637 4746 .
707 4679 1136 4780 clesuenotniuecliguur,
1162 4690 1329 4773 rumillis,
1362 4687 1557 4762 statuamus:
1583 4693 1714 4786 Regale
1741 4697 1914 4768 Dominum
1939 4693 2057 4788 meffir,
2084 4694 2237 4786 precipit

463 4783 521 4876 qui
543 4775 585 4847 ed
607 4779 830 4851 ministerium
859 4781 1019 4878 eligendi.
1075 4785 1129 4855 De
1158 4793 1329 4882 prioribus
1365 4785 1538 4867 Chriilus,
1561 4785 1976 4886 ulnpernrt'ust'nmeffim
1990 4792 2090 4886 suom
2118 4803 2251 4884 exiret·-

333 4945 337 4964 ,
459 4895 619 4949 notentur
646 4872 820 4972 sequenter
845 4903 1015 4952 canones:
1051 4881 1094 4974 l.)
1122 4886 1328 4963 innomina-
1365 4888 1434 4955 dot.
1460 4887 1655 4964 mattulis.
1680 4909 1735 4968 ιι.
1787 4889 1867 4960 Nun
1883 4889 1927 4958 cll
1953 4888 2061 4959 ullum
2086 4889 2238 4984 praelian-

429 4988 567 5060 'lee
586 4975 876 5072 praesentatore,
909 4979 1063 5052 &sessioni
1088 4981 1132 5072 &
1161 4991 1331 5062 vacatione
1367 4986 1431 5053 litat
1456 4985 1682 5057 &salutarius
1711 4990 1774 5059 Dei
1801 4987 1952 5071 donum,
1987 5004 2085 5085 quant
2108 4983 2240 5075 fidelis,

461 5073 692 5153 utiuiilrorum
709 5097 780 5152 uon
794 5097 908 5175 agatur
922 5077 1104 5176 quidquam
1125 5082 1333 5162 temereliue
1369 5078 1512 5157 idoneus
1528 5109 1566 5161 ac
1580 5084 1724 5186 fiucerus
1748 5084 1842 5161 verbi
1865 5085 2034 5176 minister,
2060 5091 2128 5179 jun
2150 5109 2237 5158 vero

2149 5187 2240 5258 duna
