5442 6225
591 556 664 631 ψ
726 484 876 611 rocus
907 528 1028 608 xxiv.
1078 464 1240 607 enarr
1263 525 1322 602 ut.
1353 519 1525 617 taenio
1549 516 1639 594 uu.
1671 516 1735 608 na
1760 514 1997 591 mansur.
2027 490 2241 599 uiuam.

600 716 1137 816 vocata&ordinatagregi,cni
1162 710 1374 807 praeficienda
1397 706 1462 796 eil,
1496 696 1542 771 esi
1562 694 1604 770 de
1619 693 1790 770 substansia
1803 696 1993 782 ministerii,
2011 692 2101 766 unde
2114 695 2248 773 Nicolai
2266 728 2357 801 papae
2402 744 2405 749 ·

598 810 660 910 p'er
676 811 1000 910 superintendentem
1017 811 1152 898 sallitat,
1166 832 1204 880 ac
1215 809 1465 910 praele'dlitcou·
1499 796 1564 870 tale
1579 794 1682 868 exstat
1703 795 1873 897 decretum
1890 798 1995 893 cap.l.
2009 793 2080 865 dili·
2099 820 2156 874 ²3·
2180 801 2361 898 Postquam

599 906 802 984 firmationis
816 912 920 984 literis
940 908 1120 984 solenniter
1148 908 1389 999 introducitur,
1410 912 1464 979 cai
1496 894 1608 969 cletta
1621 895 1784 988 pontificis
1806 893 2045 993 saeritsasia,
2058 893 2094 990 fi
2118 896 2230 970 bellica
2248 902 2363 997 faerit

551 1020 573 1067 '.
596 1009 685 1079 adlui
705 1009 865 1108 conjungi
880 1006 987 1082 solent
998 1002 1091 1080 seriae
1106 1005 1375 1097 adhortationes,
1389 1013 1464 1105 qui·
1495 993 1663 1088 impetiti
1675 1046 1696 1109 ,1
1710 998 1764 1067 vll
1784 998 2017 1108 qualiscunque
2038 990 2200 1090 lvminem
2227 1014 2365 1074 conatur

597 1105 659 1177 bue
680 1124 750 1181 turn
770 1132 876 1180 uovue
897 1105 1073 1196 miuiller,
1102 1125 1174 1177 tuin
1199 1105 1365 1195 auditores
1387 1104 1463 1177 offi·
1495 1095 1712 1191 Mllgtilflsii
1728 1091 1843 1186 studit
1871 1094 2046 1188 'filiiflii
2072 1107 2111 1165 “i
2140 1101 2184 1181 it,
2210 1102 2269 1194 qvi
2300 1096 2362 1171 tl*

598 1202 642 1275 cii
659 1198 704 1277 sui
726 1205 969 1290 admonentur,
1000 1229 1038 1275 aa
1058 1203 1206 1301 ilipulata
1227 1230 1327 1276 manu
1350 1203 1390 1275 ad
1412 1201 1461 1275 se..
1497 1189 1566 1263 isar
1586 1189 1658 1287 est,
1684 1193 1719 1261 sa
1733 1193 1907 1293 apostolica
1926 1186 2009 1286 sede
2030 1195 2132 1290 jana
2155 1199 2361 1290 consuetudi-

596 1299 711 1372 dulam
736 1303 824 1374 illiue
852 1298 1097 1375 exsecutionem
1128 1301 1337 1398 obligantur,
1368 1299 1459 1373 seriae
1495 1314 1565 1363 mm
1580 1291 1802 1363 inthronizari
1825 1295 2031 1375 nanaaieat,
2058 1292 2294 1368 arettasramm
2309 1298 2361 1394 fi·

598 1401 681 1470 itetn
701 1423 846 1494 precer,
880 1396 998 1500 quibus'
1021 1398 1171 1470 officium
1212 1400 1350 1479 minillri
1383 1402 1459 1470 Deo
1495 1402 1549 1460 ttrt
1570 1409 1664 1457 verns
1677 1409 1768 1478 papa
1791 1393 1912 1461 obtinet
1927 1390 2135 1460 autoritatem
2147 1399 2281 1489 regendi
2294 1401 2373 1469 Ra.-

598 1497 864 1570 commendatur.
917 1493 1041 1570 Differt
1058 1494 1249 1566 inaessitura
1266 1497 1306 1565 ab
1326 1496 1461 1567 ordina.
1496 1509 1620 1558 martam
1638 1487 1808 1579 tralatam,
1833 1484 1877 1575 ὅ
1902 1487 2227 1580 disponendi'omnrs
2245 1496 2361 1588 satas·

595 1595 710 1680 tione,
736 1595 828 1692 quod
842 1594 1011 1676 ordinatio
1027 1594 1083 1664 liat
1098 1593 1253 1664 duntaxat
1268 1590 1389 1681 semel,
1405 1591 1461 1666 sed
1500 1592 1582 1656 lists
1598 1584 1687 1652 illius
1697 1636 1707 1669 ‚
1727 1589 1815 1684 quad
1832 1588 1861 1654 li.
1881 1588 2073 1682 angariam
2090 1600 2164 1660 ante
2172 1591 2360 1682 sarameorr·

595 1693 786 1764 invellitura
805 1697 985 1789 repetitur,
1021 1695 1152 1789 quatiet
1165 1689 1282 1788 aliquis
1296 1688 1367 1786 jam
1385 1711 1461 1763 ante
1486 1683 1703 1779 sarratiaaem
1716 1682 1938 1781 *cognovimus
1955 1680 2079 1786 susse·
2136 1691 2230 1781 Apud
2250 1695 2362 1783 ponti·

487 1796 494 1806 “
598 1789 769 1860 ordinatus
785 1791 825 1862 ad
842 1790 1059 1862 minlslerium
1073 1809 1209 1859 vocatur
1223 1788 1263 1859 ad
1284 1789 1383 1860 aliam
1404 1812 1457 1859 ec·
1494 1781 1590 1853 ficlos
1608 1776 1803 1851 investitura:
1821 1781 1951 1852 videtur
1968 1778 2170 1872 respondere
2183 1782 2282 1881 inilia
2295 1843 2305 1874 ,
2318 1788 2366 1858 de·

596 1884 741 1972 cleliam,
766 1887 818 1958 vel
839 1888 880 1959 ad
893 1885 994 1958 aliurn
1014 1885 1117 1957 officii
1133 1885 1273 1981 gradum
1290 1891 1325 1958 iu
1341 1885 1458 1960 eadem
1497 1902 1560 1974 qua
1578 1874 1620 1947 fic
1635 1871 1745 1948 scribit
1760 1880 1903 1948 siccamus
1925 1884 1957 1969 iu
1974 1876 2055 1974 disp.
2082 1882 2218 1952 Vienna
2236 1886 2278 1956 de
2302 1911 2365 1957 vo·

595 1983 741 2056 ecclesia.
791 1988 948 2057 Formam
972 1984 1169 2056 investiturae
1191 1982 1313 2055 docent
1337 1981 1455 2055 coulli-
1492 1973 1702 2050 cat.tninillr.
1716 1979 1763 2048 th.
1778 1979 1878 2056 XLll,
1893 1980 2364 2073 Miiindiffrrtabordinatia·

592 2086 739 2153 turinnes
762 2081 994 2155 ecclesiasticae.
1043 2080 1237 2153 Notandum
1259 2101 1370 2153 autem
1391 2083 1457 2151 hoc
1490 2098 1539 2146 mr.
1566 2083 1647 2148 Nara
1665 2075 1918 2144 inordinatione
1935 2079 2106 2173 confertur
2117 2080 2257 2170 patrias
2273 2087 2366 2155 ordi·

594 2175 700 2268 loco,
722 2180 814 2274 qurud
831 2179 1018 2251 invellitura
1038 2183 1199 2271 pertineat
1215 2179 1254 2249 ad
1271 2183 1318 2269 jus
1332 2173 1457 2275 episco·
1492 2173 1734 2267 ”stasilium
1745 2172 1933 2265 estpanflm
1943 2178 2366 2273 iwilztidltfflvstttandl

594 2275 690 2371 pale,
714 2277 860 2375 ideoque
882 2276 1016 2349 summo
1044 2275 1246 2374 ungilltatui
1273 2293 1458 2373 competat,
1493 2266 1740 2359 iactantiam,
1768 2278 1949 2343 remittendi
1964 2286 2107 2367 pearata·
2167 2288 2204 2350 in
2226 2281 2366 2372 miffiorre

595 2377 697 2444 etiam
715 2374 781 2446 illis
794 2382 828 2450 in
844 2375 950 2455 locis,
965 2381 1000 2446 iu
1017 2377 1135 2471 quibua
1149 2377 1198 2465 jus
1213 2394 1402 2469 patronatus
1418 2371 1458 2443 ad
1495 2368 1672 2464 confertur
1692 2370 1878 2465 jurisdiliia
1905 2376 1940 2447 in
1973 2375 2090 2443 ataine
2115 2377 2159 2440 ad
2186 2378 2366 2463 exsecutio.

594 2468 678 2543 aliua
696 2472 863 2567 pertine‘t,
890 2473 1008 2544 srullra
1029 2477 1130 2570 igitur
1150 2492 1300 2543 metuunt
1315 2497 1352 2542 ac
1372 2470 1460 2543 relu·
1494 2493 1586 2552 nem,
1610 2465 1669 2536 stac
1694 2469 1758 2557 eli,
1782 2470 1998 2568 adstgnantur
2010 2473 2163 2567 subditi,
2189 2500 2271 2569 quar
2296 2476 2366 2564 illi,

560 2606 563 2613 ·
595 2568 726 2641 dlautur
750 2568 951 2669 quandoque
973 2572 1023 2642 illi
1047 2627 1057 2655 ,
1095 2569 1136 2641 ad
1157 2596 1241 2668 quos
1261 2576 1330 2659 jura
1350 2588 1461 2666 patro·
1496 2568 1553 2663 qui
1568 2567 1720 2637 dicantar
1735 2573 1837 2654 mitti,
1864 2572 2000 2642 «intrant
2018 2571 2366 2665 darere,sarr·amrnta

592 2686 691 2739 natus
715 2664 888 2760 -spedlaut,
917 2693 985 2757 qun
1012 2673 1120 2739 miuus
1144 2668 1332 2739 ittveslitura
1359 2673 1459 2758 exju-
1496 2663 1971 2766 administrare,galrernarr.
2022 2676 2077 2743 Sic
2096 2673 2380 2761 prarrrcirt'u'iran·=

533 2817 538 2823 .
595 2759 827 2856 coepiscopali
849 2756 1050 2831 descendens
1067 2788 1127 2856 per
1140 2770 1326 2854 principum
1347 2762 1457 2856 super·
1491 2775 1549 2831 tar
1567 2763 1652 2831 mitti
1669 2764 1703 2833 r'rr
1717 2769 1926 2854 parochiam,
1951 2772 2082 2861 quanda
2104 2768 2169 2837 iilis
2184 2772 2367 2865 adfigeren-

594 2858 805 2957 iutendentes
831 2856 1046 2955 suscipiatnr3
1071 2876 1105 2928 ut
1127 2863 1217 2929 enim
1237 2864 1284 2949 jur
1306 2877 1457 2957 patrona·
1491 2869 1547 2927 tar
1559 2855 1901 2947 parochiani&c.sed
1924 2862 2119 2951 retiiusisle
2140 2854 2247 2953 adina,
2261 2890 2365 2959 quem

593 2972 647 3025 tua
667 2980 736 3027 nou
756 2956 846 3028 tollit
862 2963 910 3046 ius
938 2950 1149 3055 episcopale,
1172 2960 1216 3027 ita
1238 2979 1372 3052 quoque
1386 2980 1456 3025 nou
1491 2946 1741 3046 descripsimus,
1766 2956 1888 3028 dieitur
1919 2961 2060 3027 initiatio
2091 2960 2143 3029 uel
2172 2962 2363 3035 investitura

593 3051 686 3125 tollit
706 3080 766 3127 nec
784 3054 952 3133 excludit,
979 3060 1051 3130 imo
1071 3059 1170 3125 etiam
1186 3080 1254 3125 uun
1272 3051 1378 3152 potesl
1393 3052 1458 3124 tol·
1497 3073 1597 3150 quam
1613 3039 1749 3133 tuissro,
1797 3060 1849 3125 uia
1873 3055 1982 3127 millio
2008 3057 2052 3126 ell
2065 3052 2130 3154 ipsa
2143 3065 2288 3148 vocatio,
2308 3060 2365 3134 vel

459 3223 461 3230 ,
591 3149 665 3222 lere
682 3178 744 3224 nec
758 3151 935 3226 excludere
957 3151 1181 3224 investituram
1199 3152 1238 3223 a'd
1263 3159 1310 3241 ius
1334 3148 1462 3245 episca-
1500 3167 1590 3220 certe
1606 3147 1646 3216 ab
1663 3172 1699 3220 ea
1713 3078 1846 3224 realiter
1859 3169 1928 3225 nou
1943 3148 2074 3243 dissert,
2101 3174 2135 3225 ut
2153 3157 2359 3232 ostendimus
2389 3198 2390 3202 =

592 3248 669 3347 pale
688 3258 923 3350 pertinentem.
975 3249 1169 3325 luveslitura
1183 3270 1294 3324 autern
1320 3249 1377 3323 illa
1394 3275 1463 3324 non
1494 3244 1658 3344 superius.
2070 3304 2081 3352 Ι

1311 3550 1630 3634 SECTIOXV.
1755 3619 1758 3624 .
1863 3555 1866 3560 ’

981 3714 1053 3788 DE
1079 3712 1528 3798 TRANSLATIONE·
1550 3709 1969 3798 MsNiSTRORVM.
2075 3711 2081 3720 ’

747 3985 755 4003 .
900 3903 931 3993 s.
954 3901 1102 3972 CLXXI.
1143 3899 1180 3969 ln
1204 3898 1384 3993 quaslione
1418 3903 1461 3976 de
1498 3903 1640 3981 lationet
1654 3907 1783 3982 illicitas
1801 3905 1874 3980 all'e.
1929 3905 2102 4008 iuexrrffa
2127 3936 2144 3981 a
2165 3916 2363 4013 quibusdam

604 3981 768 4080 ΜΨ
849 3998 1064 4073 translatione
1087 3995 1315 4070 ministrorum
1333 4020 1405 4073 tum
1423 4008 1458 4075 iu
1502 4027 1679 4101 peccatur,
1695 4008 1774 4080 darn
1788 4002 1966 4077 desultoria
1985 4014 2125 4104 quadam
2141 4013 2275 4088 levitate
2293 4024 2365 4094 aba·

594 4063 777 4222 :ww
844 4090 1456 4195 desciin,tuntinexteffaaquibua·
1502 4127 1568 4199 que
1585 4125 1724 4204 urgente
1755 4100 1963 4185 ueceffitate,
1998 4112 2031 4176 dr
2059 4109 2179 4204 absque
2209 4119 2365 4193 evidente

847 4193 1455 4294 dampecaatur.ludesesia,dumqui·
1503 4199 1648 4273 ecelefiae
1690 4201 1827 4273 utilitate
1864 4197 2052 4273 sirudiionet
2098 4210 2129 4276 dt
2162 4204 2254 4284 sedes
2290 4213 2364 4288 sub·

596 4303 674 4375 dnm
695 4299 879 4373 exillimant
903 4346 914 4380 ,
949 4295 1045 4389 plane
1068 4289 1232 4371 illicitum
1256 4287 1321 4365 else
1353 4299 1455 4366 mini·
1503 4296 1582 4369 iude
1603 4319 1751 4386 mutant,
1776 4300 1928 4395 adeoque
1944 4322 2150 4396 mangonum
2166 4311 2198 4377 dr
2222 4312 2366 4405 collabi·

593 4399 700 4470 slratu
726 4392 867 4487 ecclelia
887 4392 930 4482 ab¹
951 4414 1020 4462 uno
1051 4388 1129 4459 loco
1154 4392 1190 4458 in
1222 4388 1323 4462 alium
1351 4412 1455 4463 trans·
1502 4393 1622 4468 llarutn
1639 4403 1673 4466 iu
1690 4420 1821 4467 morem
1844 4396 2016 4488 parochias
2040 4412 2239 4495 utequot&
2268 4437 2364 4485 uum·

464 4497 469 4508 “
590 4494 688 4568 serti.
739 4498 890 4563 Stattutnt
917 4496 1028 4572 euim,
1051 4489 1263 4558 uocationem
1286 4490 1454 4587 apollolo·
1502 4517 1577 4565 anos
1602 4494 1744 4580 habeut,
1776 4492 1920 4590 acquod
1946 4493 2069 4565 Seneca
2091 4499 2131 4568 de
2154 4514 2288 4597 egrotis
2312 4512 2396 4582 di··

593 4619 671 4666 rum
703 4589 839 4662 differre
883 4587 1072 4658 amediata
1097 4589 1275 4656 vocatione
1308 4585 1454 4685 reliquo·
1502 4594 1568 4679 cit,
1605 4596 1835 4664 mutationibus
1859 4602 2002 4684 atarttnr
2023 4617 2087 4685 pro
2112 4605 2267 4677 remediis.
2320 4611 2365 4677 Vt

454 4719 460 4730 .
592 4715 671 4765 rum
705 4688 933 4759 ministrorum
965 4686 1160 4775 cutttptirnir
1192 4687 1295 4754 etiam
1322 4689 1356 4756 in
1393 4709 1456 4775 eo,
1502 4709 1612 4761 atatem
1641 4695 1793 4784 priorum
1822 4687 2005 4760 morositati
2037 4695 2127 4762 rea‘le
2160 4706 2363 4795 opponitur,

325 4813 354 4840 ···
480 4794 482 4798 ’
595 4788 689 4887 quod
709 4785 847 4884 aposloli
867 4780 1078 4853 nousuerint
1097 4779 1139 4849 ad
1159 4799 1288 4856 certum
1307 4783 1455 4880 aliquem
1498 4789 1593 4954 pnod
1617 4789 1781 4862 Dominus
1797 4789 1891 4881 mrffis
1915 4788 2107 4881 patellatem
2128 4792 2245 4868 habeat
2264 4807 2365 4874 mini·
2404 4821 2406 4827 ’

499 4932 504 4958 i
591 4888 708 4960 locum
737 4910 815 4956 cum
845 4878 904 4953 suo
926 4879 1112 4953 iniuillerio
1141 4874 1302 4973 adligati,
1328 4877 1382 4953 sed
1408 4881 1453 4954 de
1526 4879 1717 4957 rorsuosut
1736 4884 2364 4981 uocandi,iraquuqueeosdeuttraus·

594 4986 806 5082 reliquorum
831 4978 1058 5052 ministrorum
1087 4981 1264 5092 vocatione
1292 4979 1324 5047 id
1341 4984 1454 5051 omni·
1496 4977 1629 5054 sereudl
1657 4983 1698 5054 ab
1731 5006 1794 5052 una
1821 4978 1953 5052 ecelesia
1987 4982 2025 5050 ad
2052 4983 2178 5074 alium,
2205 4996 2364 5094 quodque

594 5105 642 5158 no
659 5083 829 5158 adfirmari
851 5079 973 5150 debere
981 5099 1045 5158 ,ac
1057 5072 1201 5174 proinde
1218 5096 1338 5151 eorutn
1350 5096 1456 5176 tranag
1496 5079 1630 5152 ecclelia
1670 5082 1811 5154 Daruini
1843 5079 2085 5175 materfamilias
2113 5092 2266 5163 eundem
2306 5098 2364 5167 ha-

2244 5265 2247 5270 .
2295 5196 2369 5269 beat
