5442 6225
461 524 534 599 ιφ
716 428 1356 620 contranitentibus.
1404 488 2042 606 nouorsseecuusm‘
2111 558 2117 563 .
2194 476 2208 489 “

472 676 521 750 let
540 675 662 773 absque
678 672 842 765 dedeina
857 671 1081 766 successione,
1104 671 1268 750 dodlrinae
1280 686 1337 748 ab·
1360 672 1509 774 sensus,
1535 680 1679 778 quifidei
1702 688 1833 759 uinculo
1844 685 2046 784 posticium
2063 691 2237 790 princibus,

474 771 714 849 temsucceffio
728 775 774 847 cll
789 801 881 861 uerae,
896 772 1042 849 ecclesiae
1060 779 1208 874 propria.
1254 779 1337 852 Pcr-
1371 779 1566 878 conjungit,
1590 799 1626 851 ut
1649 784 1740 857 recle
1772 782 1887 859 scribit
1909 784 2056 864 Geiafius
2082 799 2118 865 in
2141 818 2238 867 com·

464 874 575 973 sonae
588 873 672 948 assde
685 876 720 948 in
735 878 873 950 aliorum
889 874 1176 972 locumsuieuntes
1196 901 1264 948 nan
1275 876 1337 972 sa·
1373 893 1476 949 ment.
1499 876 1558 950 lib.
1574 881 1631 952 lll.
1655 884 1771 954 lrenaei
1790 911 1818 956 c.
1842 912 1874 966 3.
1928 888 1984 957 Sic
2006 915 2092 987 ergo
2116 911 2236 965 contra

470 973 1337 1075 tiustsuccqfflonsm‚srdprrpetuusdoiiriaaecon-
1370 971 1597 1051 benenatum
1625 1002 1909 1080 argumentamur.
1969 985 2000 1082 Ι)
2013 989 2115 1078 Quod
2131 990 2239 1064 eccle·

2180 1086 2236 1163 siat

410 1326 413 1335 Ι
556 1249 588 1329 1)
607 1251 1004 1331 succeffiunemdosirinalem,
1023 1266 1230 1332 quattrocent,
1249 1256 1344 1313 flente
1418 1273 1463 1313 res
1478 1261 1645 1319 succederent
1659 1262 1694 1335 ¹iu
1716 1267 1940 1325 locumverorum
1964 1271 2108 1340 pastorum,
2136 1234 2249 1330 ¹<terte-

517 1334 581 1392 une
594 1342 707 1406 probare
720 1339 841 1396 eccledae
856 1337 969 1409 alicujus
985 1342 1146 1399 veritatem,
1167 1338 1287 1407 sedeque
1299 1340 1341 1392 su·
1413 1342 1510 1399 Annas
1524 1345 1550 1396 dr
1573 1346 1687 1413 caiphas
1704 1347 1877 1405 successerunt
1901 1353 2002 1406 darom
2024 1352 2054 1405 in
2073 1352 2235 1418 moun.

512 1431 565 1485 pra
577 1421 759 1487 pronunciasse
777 1420 973 1476 Gennanoun
984 1459 992 1483 ‚
1005 1421 1072 1474 hanc
1087 1422 1169 1491 ipsam
1187 1429 1278 1472 notam
1291 1432 1338 1472 ue·

514 1509 554 1551 ηε
569 1492 680 1573 ecclesie
695 1499 835 1575 preprium
849 1503 912 1560 elle,
961 1501 1075 1556 Ecclesia
1093 1501 1209 1553 enimin
1227 1499 1334 1551 sandio-

515 1575 591 1630 rlbus
608 1578 707 1634 litteris
722 1589 892 1648 comparatur
907 1596 967 1633 cum
983 1579 1104 1633 aedificio
1120 1580 1251 1649 quodam,
1264 1579 1336 1647 quod

514 1663 572 1710 tum
585 1658 692 1712 demum
708 1659 821 1714 firmiter
832 1659 953 1722 consissit,
963 1658 1247 1730 quandosundamento
1257 1658 1335 1712 firmo

516 1734 552 1788 est
566 1735 772 1806 superstrudum.
810 1740 867 1807 Jam
882 1754 947 1792 vero
970 1739 1172 1793 laudamentum
1193 1737 1334 1798 ecclesiae.

516 1813 659 1870 secundum
676 1819 811 1872 oraculum
822 1818 963 1874 Paulinum
981 1811 1049 1895 Epo.
1057 1812 1099 1873 II.
1115 1834 1152 1874 aa.
1172 1820 1208 1872 est
1221 1818 1337 1871 dotlrina

514 1897 643 1957 eoelestis,
662 1898 693 1949 ab
715 1897 777 1965 ipsis
796 1898 918 1967 apostolis
934 1898 999 1951 olim
1020 1896 1133 1961 tradita,
1154 1914 1221 1968 quae
1243 1898 1271 1950 in
1292 1914 1339 1950 eo·

514 1990 576 2029 rum
590 1975 692 2044 scriptis
706 1977 848 2029 hodienum
858 1981 924 2031 elata
938 1979 1020 2032 exllat
1037 1995 1044 2030 :
1065 1981 1173 2033 Hancce
1193 1977 1338 2031 dodrinam

514 2053 628 2110 firmiter
641 2066 713 2110 tenet
732 2057 854 2116 ecclesa,
874 2057 1031 2110 eudemum
1054 2074 1101 2127 pru
1124 2073 1186 2111 vera
1213 2057 1332 2109 habenda

513 2134 560 2193 etl.
600 2134 693 2203 Neque
709 2136 799 2197 enlm,
821 2146 850 2188 ut
864 2137 951 2190 scribit
966 2140 1164 2191 Htueoursrus
1179 2136 1208 2189 in
1225 2127 1332 2208 Pfism.

515 2204 663 2268 XXXIII.
691 2232 711 2272 a.
736 2214 766 2268 in
783 2209 936 2289 parietibus
953 2208 1058 2289 ecclelia
1080 2208 1212 2290 cartssflir,
1228 2210 1332 2289 sedin

514 2286 549 2345 do
568 2305 672 2347 matum
688 2290 814 2348 veritate.
854 2288 971 2369 Ecclessa
988 2288 1027 2349 ibt
1041 2290 1097 2366 eli,
1117 2297 1162 2350 ubl
1178 2310 1245 2350 nera
1260 2286 1331 2366 fides
1384 2304 1391 2311 ·

512 2387 529 2424 e
552 2408 560 2428 .
581 2372 655 2428 Idem
671 2375 716 2427 suo
728 2373 849 2441 suffragio
865 2374 1002 2428 confirmat
1013 2377 1245 2429 Cuarsurrauus
1261 2369 1331 2431 hum,

514 2447 542 2507 I.
556 2444 666 2510 XLIX.
680 2452 710 2507 in
727 2446 837 2508 March.
851 2454 897 2507 ubi
913 2455 969 2507 ait:
990 2444 1053 2532 Qi
1075 2449 1140 2509 vult
1161 2446 1332 2530 cognoscere,

415 2516 429 2551 ³*
512 2525 618 2606 queste
631 2546 697 2586 uera
710 2524 832 2605 ecclefia,
847 2527 918 2588 ursde
938 2529 1089 2608 cognoscat,
1104 2525 1159 2608 nist
1169 2547 1333 2589 tantummo-

511 2606 546 2665 do
559 2604 793 2686 perscripturus?
811 2612 868 2667 Nec
893 2614 945 2667 alia
968 2613 1019 2667 suit
1043 2629 1120 2666 mena
1145 2618 1329 2676 Attnusrtut,

511 2691 604 2761 quiin
620 2693 686 2746 libro
701 2687 734 2746 de
749 2690 857 2746 unitate
876 2684 999 2765 ecclestae,
1018 2704 1074 2767 cap.
1091 2687 1144 2752 IV.
1159 2693 1195 2746 ita
1211 2710 1330 2762 pronun·

512 2771 586 2824 ciat:
605 2763 721 2851 Quicum
739 2786 774 2824 ue
786 2792 834 2811 ·-
861 2798 909 2812 —
936 2787 953 2825 a
960 2763 1108 2846 scripturis
1117 2763 1219 2844 sansiis
1234 2763 1329 2846 diffen-

509 2849 608 2921 tiunr,
628 2785 738 2927 etiami
744 2850 774 2904 in
789 2844 913 2906 amitibus
932 2848 997 2906 sacis
1013 2850 1205 2914 inveniuntur,
1226 2852 1256 2906 in
1268 2851 1329 2927 qui·

509 2921 562 2986 ius
581 2923 834 3006 ecelefiadefignata
850 2927 907 3002 ess,
927 2922 1057 3004 transient
1074 2930 1104 2986 in
1124 2923 1240 3000 ecclesa.
1292 2934 1330 2990 Ut

510 3013 563 3065 alia
581 3010 666 3082 hujusq
681 3011 788 3078 generis
804 3012 976 3082 testimonia,
1003 3027 1070 3080 quae
1088 3011 1116 3065 in
1134 3012 1237 3080 scriptis
1259 3025 1329 3067 vete·

509 3106 571 3145 rum
585 3100 688 3161 patrum
703 3093 793 3163 passim
810 3104 970 3155 eccumuut,
991 3092 1128 3148 breuitatis
1151 3091 1235 3148 studio
1255 3107 1330 3165 prae·

509 3171 699 3229 terminamus.
740 3173 978 3246 Pergimusitaque

476 3355 478 3362 ’
569 3357 614 3434 11)
634 3357 854 3414 adsuccelstouem
867 3351 988 3425 localem,
998 3361 1140 3431 paucisque
1150 3370 1333 3424 notamus,ex

508 3453 541 3494 ea
554 3456 603 3510 pro
625 3440 820 3507 comprobanda
835 3439 956 3494 ecclesiae
975 3437 1086 3510 alicujus
1102 3442 1212 3496 veritate
1229 3441 1333 3494 nullum

508 3520 618 3590 prorsus
636 3520 736 3570 desumi
751 3522 820 3586 posse
836 3531 1033 3587 argumentum.
1066 3523 1134 3578 Nam
1155 3521 1259 3576 ecclesia
1270 3521 1331 3575 huic

509 3601 552 3654 vei
560 3597 785 3664 illilocoadligata
797 3615 850 3651 non
861 3600 905 3658 ell,
916 3599 957 3652 sed
965 3601 999 3654 eli
1010 3602 1190 3671 ambulatoria,
1199 3616 1246 3653 nec
1255 3609 1333 3667 prout

509 3676 601 3731 aendor
621 3676 708 3751 aperis
728 3672 878 3755 imperfesii
893 3671 962 3735 ham,
973 3674 1087 3737 XLIII.
1103 3683 1132 3736 in
1149 3673 1332 3755 cap.'XXIII.

510 3747 621 3815 Matri.
636 3757 778 3827 observat,
800 3752 927 3812 cathedra
943 3754 1015 3832 ferme
1025 3752 1212 3833 sacerdotem,
1225 3750 1331 3833 ftdfia·

511 3832 606 3892 cerdon
620 3830 783 3892 cathedram.
827 3831 892 3892 Nec
919 3835 993 3893 Iocus
1007 3833 1161 3916 scardlificat
1181 3834 1330 3902 bantinern,

505 3908 559 3993 sed
572 3910 649 3971 bomo
664 3910 760 3973 saetam.
799 3910 865 3999 ,Qui
877 3912 942 3973 bene
952 3912 1053 3993 sederit
1061 3913 1146 3995 snper
1158 3912 1330 3981 cathedram,

511 3991 638 4052 dormient
651 3997 763 4073 accipiet
778 3992 813 4051 ab
829 4013 877 4060 ea,
897 3998 945 4073 qui
960 3997 1030 4055 nsase
1047 3996 1170 4075 sederit,
1194 3993 1331 4070 iujuriam

501 4071 581 4157 fam
596 4070 738 4132 cathedrae.
770 4077 950 4147 Adjunglmus
966 4082 1033 4134 bisce
1047 4078 1223 4133 testimonium
1239 4080 1332 4131 Hira·

508 4176 555 4215 aas
569 4156 751 4221 Pidavienfis,
766 4160 812 4226 qui
827 4158 854 4211 in
867 4159 933 4213 libra
953 4173 1048 4214 costrra
1064 4156 1200 4218 Ariassos,
1212 4159 1255 4210 vel
1272 4154 1330 4212 Au·
1350 4207 1354 4214 ,

508 4237 638 4294 ueritiam
664 4274 672 4301 ,
693 4237 762 4290 circa
779 4237 826 4297 dn.
841 4237 972 4293 italnfit:
997 4234 1088 4292 Ursum
1108 4251 1217 4299 maneo,
1238 4250 1331 4292 cauete

508 4309 709 4387 araticssristum.
747 4308 828 4372 Male
841 4316 912 4371 enim
928 4332 975 4371 aas
989 4314 1127 4391 parietum
1140 4329 1217 4369 umor
1239 4316 1326 4391 cepit,

509 4392 582 4453 male
597 4388 730 4530 melfam
744 4389 804 4451 Dei
822 4395 853 4451 in
860 4393 938 4453 tediis
951 4387 1122 4471 aedpsciisque
1141 4394 1329 4460 veneramini,

508 4467 641 4552 taasestci
672 4476 697 4529 is
709 4475 783 4552 pacis
797 4490 894 4531 snnten
909 4490 938 4531 rn
956 4475 1043 4531 eritis.
1077 4474 1159 4531 Anne
1173 4466 1329 4551 ambiguum

508 4551 568 4698 ἒ,
586 4555 616 4611 iu
629 4550 672 4611 dis
686 4550 876 4629 antichristum
895 4490 1113 4630 effisefflrrum?
1133 4548 1248 4609 Montes
1263 4549 1330 4610 mibi

560 4628 651 4712 syloe
672 4626 710 4695 dut
726 4631 823 4706 iocus,
839 4624 877 4692 ἐν
896 4648 1016 4689 carceres
1040 4628 1078 4693 da·
1096 4632 1242 4712 voragines
1258 4626 1328 4708 fieris

510 4718 641 4777 tutiores,
666 4710 701 4772 In
718 4709 760 4771 bis
773 4714 845 4769 enim
857 4706 990 4789 prophetet
1001 4728 1051 4771 aut
1066 4727 1205 4769 monentes
1215 4727 1265 4767 aut
1282 4710 1327 4770 de·

510 4790 608 4868 mers,
624 4787 793 4875 Deispirim
803 4786 1012 4872 prophetabant,
1055 4796 1178 4865 Denique
1195 4793 1266 4867 quod

571 4980 624 5051 ΙΙΙ)
644 4974 677 5039 td
695 4981 877 5038 succedlonem
890 4967 1056 5055 perfimdere
1074 4980 1186 5054 attinet,
1213 4994 1262 5037 nec
1281 4998 1327 5049 ea,
1379 5009 1398 5042 1,-

507 5067 528 5127 d
540 5064 654 5126 solitarie
664 5062 797 5132 spetletun
809 5061 952 5132 quidquam
960 5064 1067 5133 probat}
1080 5063 1205 5135 siquidem
1213 5062 1272 5120 lieri
1282 5080 1330 5134 po·

510 5151 573 5214 test,
592 5149 675 5204 nuno
689 5157 718 5199 se
736 5142 790 5213 ipsa
808 5141 902 5201 sadum
921 5142 1032 5202 bainus
1054 5145 1090 5202 eil
1100 5179 1109 5210 ,
1127 5155 1157 5202 ut
1173 5145 1227 5203 salsi
1244 5144 1330 5200 douo.

1410 1419 1508 1473 scribae
1537 1435 1614 1492 atque
1636 1425 1762 1492 pharisaei
1779 1429 1949 1485 succedebant
1972 1432 2091 1499 patribus
2113 1435 2141 1485 dt
2166 1435 2235 1500 legis
2269 1450 2274 1457 ·

1409 1499 1615 1569 interpretibus,
1634 1506 1731 1560 Ariani
1750 1508 1919 1565 succedebant
1934 1511 2103 1565 orthodoxia.
2142 1512 2235 1568 Ende-

1409 1577 1445 1630 sia
1460 1581 1578 1647 Graeca,
1588 1598 1667 1653 quam
1682 1587 1807 1654 praesulis
1818 1590 1933 1646 Romani
1946 1591 2062 1645 adseclae
2075 1591 2175 1646 babent
2185 1608 2235 1662 pro

1413 1647 1572 1717 sibismatlca
1586 1675 1664 1734 atque
1683 1666 1836 1731 haeretica,
1855 1670 2041 1724 successionem
2049 1669 2235 1741 episcoporum

1411 1737 1518 1793 suorum
1533 1743 1658 1812 usquead
1673 1748 1847 1814 apostolurum
1864 1750 1988 1820 producit
1998 1761 2135 1820 tempora,
2155 1761 2234 1821 prout

1414 1818 1490 1885 supra
1508 1816 1632 1893 §.exet
1662 1825 1688 1877 dc
1703 1828 1807 1883 CXCII.
1829 1830 1937 1884 uberius
1957 1830 2069 1884 ostendit
2086 1830 2235 1884 Genetae-

1414 1914 1487 1964 nus,
1508 1901 1583 1968 cujus
1596 1904 1663 1958 hauc
1681 1905 1711 1959 in
1728 1922 1784 1959 rem
1799 1909 1892 1969 elsarn,
1906 1925 1986 1978 eaque
1998 1911 2104 1978 prorsus
2124 1910 2233 1973 eximia,

1412 1977 1471 2030 hele
1485 1994 1541 2033 non
1557 1992 1719 2052 repetemus.
1757 1986 1788 2043 ld
1801 1997 1903 2042 tautum
1920 1992 1963 2043 vel
1976 1991 2062 2044 tribua

1470 2134 1524 2206 lV)
1545 2152 1685 2206 notamus,
1708 2161 1790 2216 quum
1804 2158 1893 2216 patres
1908 2150 2089 2205 successionem
2105 2152 2135 2206 in
2145 2151 2233 2222 dlspu·

1406 2217 1551 2274 sationibus
1564 2224 1617 2276 suis
1630 2226 1754 2280 adversus
1766 2228 1913 2281 haereticos
1928 2240 2024 2297 urgent
2033 2263 2043 2293 ,
2053 2246 2101 2284 eoa
2111 2249 2168 2286 non
2177 2244 2231 2287 tam

1405 2295 1555 2365 intelligere
1571 2300 1923 2381 succeffionempersanusem
1938 2311 1981 2363 vel
2003 2303 2232 2386 leatemsquan

1406 2371 1592 2442 dosirinasem,
1607 2386 1648 2436 vel
1658 2385 1728 2437 istam
1743 2388 1844 2454 semper
1856 2387 2017 2456 conjungere
2027 2391 2056 2443 dc
2066 2391 2232 2460 supponem

1407 2469 1487 2527 prout
1514 2462 1704 2517 laudatissimus
1727 2465 1916 2521 Garutianus
1949 2470 2036 2522 noster
2061 2470 2089 2534 s.
2111 2470 2232 2532 CXCIV.

1406 2539 1557 2594 luculenter
1573 2544 1768 2612 comprobavit,
1801 2546 1936 2603 Addimus
1953 2565 2018 2602 vero
2058 2551 2066 2563 “

1451 2659 1494 2738 V)
1516 2669 1697 2725 succesllanem
1708 2665 1875 2746 personalem
1893 2675 1991 2746 (quae,
2016 2684 2046 2731 ut
2068 2677 2149 2732 modo
2165 2677 2234 2733 nidl-

1406 2760 1482 2810 mus,
1502 2747 1625 2804 badeuus
1640 2752 1772 2806 ecclefiam
1787 2759 2005 2810 veramnondum
2018 2757 2099 2828 sidit,
2112 2758 2160 2819 nli
2178 2759 2233 2812 suc·

1406 2827 1544 2881 cessionem
1551 2823 1725 2884 dadsisulem
1734 2833 1896 2901 taujandam
1904 2831 2012 2905 babeat)
2021 2852 2057 2889 ex
2067 2847 2158 2891 mente
2166 2838 2233 2907 ipso·

1404 2908 1883 2986 sumecclefiaeuonannedoaoram
1892 2917 1987 2969 debere
2000 2914 2233 2979 essecunanicam,

1405 2985 1429 3037 b.
1445 3002 1468 3041 e.
1478 2997 1531 3041 tam
1546 2991 1632 3057 quoad
1647 2984 1815 3063 electionem,
1835 3011 1913 3066 quam
1927 2990 2125 3049 ordinationem
2139 2996 2231 3051 secuu-

1405 3065 1468 3121 dum
1484 3083 1600 3123 canoues
1614 3072 1743 3135 ecclesiae,
1761 3073 1813 3128 sive
1825 3075 1989 3135 universalia.
1999 3076 2050 3129 sive
2062 3076 2232 3145 particularis

1407 3147 1615 3214 legitimomodo
1627 3151 1790 3215 institutam,
1811 3156 1881 3223 quod
1896 3156 1914 3210 st
1933 3156 2004 3209 enim
2017 3157 2144 3209 canonica
2159 3157 2230 3209 baud

1407 3225 1455 3288 stt,
1476 3228 1620 3283 fatentibus
1646 3233 1709 3301 ipsis
1736 3235 1967 3298 Romanenstbus,
1992 3236 2097 3289 nullum
2123 3236 2230 3305 prorsus

1411 3307 1629 3364 liabetvalarem.
1677 3313 1755 3368 Hisce
1783 3314 1983 3383 praesuppofitis

1393 3463 1403 3470 .
1448 3405 1505 3481 Vl)
1523 3413 1599 3470 sacile
1619 3417 1720 3470 ostendi
1741 3418 1841 3485 potest,
1861 3416 2042 3470 successionem
2066 3418 2230 3485 personalem
2270 3447 2272 3452 ·

1406 3490 1587 3557 tanaiticum,
1608 3494 1659 3548 save
1680 3496 1713 3548 ad
1739 3491 1895 3559 esesiianes,
1916 3496 1967 3548 sive
1985 3498 2019 3551 ad
2043 3492 2230 3552 ordinationes

1406 3574 1465 3626 lteic
1486 3574 1672 3643 respiciamus.
1694 3576 1724 3630 in
1738 3584 1794 3629 toto
1812 3577 1876 3627 orbe
1900 3575 2041 3630 christiano
2064 3576 2168 3632 dudum
2185 3579 2230 3631 de·

1405 3653 1498 3708 secisse.
1538 3655 1617 3717 Quod
1633 3655 1705 3707 enim
1720 3656 1753 3709 ad
1773 3648 1926 3708 elesiionem
1948 3658 2063 3717 attinet,
2085 3667 2164 3711 uetus
2183 3656 2230 3711 ell·

1406 3731 1487 3803 gendi
1501 3749 1578 3793 mos,
1599 3734 1643 3787 ubl
1659 3736 1773 3804 episcopi
1783 3770 1795 3801 „
1810 3730 1854 3786 ubi
1872 3735 1959 3787 clerus
1976 3737 2003 3788 dt
2017 3737 2092 3804 plebs
2101 3735 2226 3803 eligunt,

1406 3832 1455 3867 nec
1470 3815 1572 3881 semper
1589 3813 1616 3865 in
1641 3816 1755 3867 ecclesiia
1771 3814 1903 3869 obtinuit,
1923 3830 1971 3866 nec
1987 3814 2132 3868 hodienum
2149 3815 2227 3870 iniis

1406 3894 1518 3948 obtinet.
1558 3894 1658 3962 Ecquis
1674 3895 1746 3946 euim
1769 3896 1824 3964 eil,
1843 3894 1889 3961 qui
1903 3894 2028 3960 ignoret,
2051 3910 2108 3948 rem
2122 3895 2179 3963 jam
2192 3894 2226 3947 ad

1406 3989 1484 4041 reges
1501 3973 1528 4026 dc
1545 3973 1697 4041 principes,
1717 3984 1895 4042 patronosque
1911 3973 2046 4034 laicos,iu
2059 3975 2167 4028 ecclesia
2181 3987 2226 4028 re·

1405 4055 1457 4107 teri
1476 4054 1581 4122 prorsus
1597 4053 1722 4119 lgtrotos,
1744 4054 1860 4122 itemque
1874 4052 1907 4105 ad
1924 4054 2067 4107 mnonicos
2085 4053 2113 4105 dt
2126 4055 2225 4123 capitu·
2264 4089 2271 4100 ··

1406 4135 1491 4196 lates,
1510 4135 1574 4203 quin
1590 4133 1623 4184 ad
1638 4133 1803 4191 cardinales,
1823 4132 1869 4200 qul
1888 4134 1953 4186 olim
1971 4149 2006 4185 ue
2018 4133 2130 4202 quidem
2143 4134 2222 4187 ealli-
2265 4145 2271 4156 ·

1406 4221 1512 4273 terunt,
1532 4223 1623 4266 contra
1642 4212 1764 4266 ecelesiae
1785 4211 1939 4266 universalis
1964 4228 2096 4276 canones,
2116 4213 2227 4268 meatu·

1405 4302 1461 4347 tam
1474 4291 1551 4346 else?
1571 4292 1648 4357 Quod
1663 4307 1726 4345 vero
1744 4292 1839 4346 attinet
1857 4294 1889 4346 ad
1906 4286 2124 4356 ordinationem,
2140 4292 2223 4348 etiam

1405 4373 1464 4427 heic
1481 4372 1599 4426 successio
1613 4372 1850 4427 canonicadudum
1866 4372 1957 4440 desiit,
1977 4372 2105 4441 squidem
2119 4372 2225 4427 ordina·

1403 4454 1443 4507 tio
1463 4454 1494 4506 ab
1520 4452 1648 4521 episcopis
1662 4452 1833 4519 illegitimls,
1853 4450 2010 4519 cumprimis
2028 4451 2173 4510 baereticla
2188 4451 2225 4505 su·

1406 4534 1461 4596 sia,
1480 4534 1585 4602 prorsus
1601 4533 1674 4586 nulla
1689 4533 1734 4585 est.
1777 4531 1886 4588 Accedit
1899 4570 1906 4592 ,
1918 4531 1989 4599 quod
2004 4532 2038 4584 ob
2049 4532 2224 4594 schismatum,

1407 4611 1503 4684 quibus
1535 4612 1608 4666 sedes
1638 4612 1825 4679 patriarchales
1844 4610 1910 4666 olim
1938 4611 2084 4678 plurimum
2106 4614 2225 4667 turbatae

1403 4695 1527 4757 suerunt,
1547 4691 1763 4753 multitudinem,
1782 4690 1966 4746 ordinationes
1980 4707 2076 4746 omues
2089 4694 2168 4747 valde
2181 4692 2226 4745 in·

1405 4782 1514 4839 certae,
1535 4774 1599 4843 quin
1623 4772 1714 4826 irritae
1729 4771 1836 4825 subinde
1858 4770 1977 4825 redditae
1996 4769 2120 4834 suerint.
2145 4782 2226 4842 prout

1406 4855 1475 4910 rede
1489 4854 1593 4908 monuit
1611 4852 1635 4914 b.
1655 4854 1765 4907 cancell.
1781 4852 1938 4916 Prarrsua,
1958 4843 2010 4915 soc.
2025 4848 2076 4909 eis.
2089 4861 2151 4910 art,
2174 4843 2227 4909 VI.
2266 4845 2270 4856 ⁴

1405 4945 1464 4995 net.
1479 4926 1536 5007 (b),
1576 4932 1720 5001 speciatim

1427 5057 1509 5128 ·v11)
1529 5060 1562 5115 de
1579 5060 1684 5115 ecclesia
1701 5062 1838 5132 Romana,
1855 5075 1925 5133 quae
1944 5062 1979 5120 de
1992 5062 2226 5135 successione-epi·

1403 5140 1500 5215 stopali
1512 5141 1634 5211 legitima
1654 5153 1731 5213 atque
1755 5141 1825 5198 baud
1839 5140 1989 5214 interrupta
2005 5153 2152 5239 tantopere·
2167 5147 2228 5218 glo·

2128 5236 2227 5290 mins,
