5442 6225
482 547 553 634 348
738 528 874 609 Loci
897 528 1051 605 xxiii.
1099 524 1292 605 entur
1316 524 1380 603 Xs.
1428 524 1501 605 DE
1525 526 1698 605 uo'rts
1721 528 2007 609 necisum

487 710 636 809 excarpsu
648 713 782 809 pietatis
799 709 843 799 eu
861 712 1042 797 virtutum,
1066 730 1151 806 poor
1165 708 1200 781 ia
1212 705 1354 804 seriptis
1387 699 1473 781 serte
1485 712 2003 885 negannageior,oreiaepdor,
2018 710 2179 815 martyrer
2191 714 2270 801 &a

488 811 539 889 ots
557 816 598 886 ai
619 813 693 911 ipsit
711 808 761 884 oes
778 815 817 880 de
834 812 907 909 ipyir
927 809 1068 904 exstant,
1094 810 1256 883 imitando
1272 832 1355 905 pro·
1388 809 1423 879 iu
1444 813 1572 909 erciejia
1599 815 1752 888 adorari.
1812 814 1909 913 Qun
1924 817 1972 885 vis
1995 818 2088 885 enim
2104 813 2209 891 sontii
2233 825 2268 893 iri

394 1000 397 1007 ¹
487 926 633 989 uocetur.
694 910 775 981 Non
803 912 904 1005 igitur
938 909 1075 1005 probari
1100 907 1198 979 uobis
1229 904 1356 1006 potest,
1391 904 1526 979 ecclesie
1541 914 1772 1009 triumphante
1785 916 2060 1009 ingenereoreat
2075 935 2142 1009 pro
2160 914 2269 991 eccle·

485 1010 579 1111 quod
597 1014 631 1081 in
643 1001 961 1106 pepetusoniiorum
978 1006 1150 1102 reliquie,
1175 1031 1286 1103 eoque
1304 1009 1357 1077 in·
1389 1002 1434 1077 ste
1451 1005 1637 1096 militante,
1662 1033 1733 1081 nou
1757 1028 1870 1083 temen
1889 1008 1968 1081 inde
1994 1003 2172 1109 sequitur,
2193 1014 2268 1089 ittae

485 1129 603 1195 certae,
628 1102 875 1195 exosculuudae,
895 1098 1074 1177 adorando
1095 1110 1130 1179 dt
1151 1101 1249 1177 flexis
1259 1108 1356 1200 geui-
1391 1104 1524 1177 enchir
1537 1102 1602 1179 etse
1614 1106 1841 1196 inuocendos3
1864 1111 1942 1207 quie
1960 1106 2173 1207 singulorum
2186 1138 2268 1191 unu,

488 1209 549 1281 buc
562 1205 759 1279 uenerando
779 1204 908 1302 populo
929 1220 1182 1303 proponuntur,
1208 1206 1359 1301 peregri·
1393 1227 1487 1275 mnae
1500 1208 1535 1275 in
1549 1202 1677 1302 spec-ie,
1692 1212 1726 1283 &
1740 1210 1884 1304 gemitus
1897 1208 2056 1279 cordium
2071 1210 2266 1287 nostrorum

487 1311 639 1380 nationes
651 1306 692 1379 od
709 1302 780 1379 illm
796 1297 1042 1402 suscipiuntur,·
1060 1326 1098 1373 ec
1113 1300 1136 1377 sr
1151 1302 1191 1373 ed
1210 1324 1264 1375 eos
1285 1326 1360 1401 gre·
1392 1307 1573 1399 ignorent,
1598 1328 1662 1376 uec
1676 1307 1846 1377 invocatio
1855 1304 1912 1377 isia
1926 1306 1979 1377 uei
1989 1305 2201 1391 mundaum,
2213 1310 2267 1385 res

487 1410 533 1479 tia
558 1406 622 1476 Dei
647 1412 682 1480 a
716 1400 867 1477 remissio
889 1420 1104 1501 peccatorum
1132 1399 1171 1473 su
1197 1398 1359 1499 adligato,
1394 1399 1668 1495 promissionem,
1708 1401 1763 1475 ves
1793 1404 1990 1501 exemplum
2022 1406 2266 1502 prabetumin

489 1503 582 1604 quod
597 1501 622 1575 fi
637 1502 728 1575 idern
751 1506 887 1601 negauit
905 1501 1124 1603 vigilantius,
1150 1506 1184 1573 dc
1208 1502 1276 1572 hoc
1297 1524 1360 1571 no·
1393 1494 1563 1594 scripum
1586 1502 1697 1574 hebet.
1756 1504 1798 1593 3)
1824 1500 2049 1602 Eresestallices
2069 1508 2186 1581 debere
2206 1504 2264 1607 effe

488 1607 583 1676 mine
597 1603 636 1673 ab
656 1603 874 1696 Hieronymo
897 1617 1022 1673 taxatus
1046 1597 1135 1687 suit,
1159 1601 1360 1696 opponimus
1394 1612 1562 1672 uxoratos.
1609 1600 1700 1675 Idem
1720 1602 2062 1678 doeetLuttrerurint
2077 1607 2263 1689 cantor.

488 1702 709 1794 Hieronymo
743 1696 939 1794 preclarum
970 1698 1054 1771 illud
1078 1703 1359 1794 pronunciatum,
1394 1702 1451 1770 ubi
1463 1702 1568 1785 dicit,
1591 1702 1835 1787 matrimonium
1839 1704 1921 1800 jure
1934 1706 2048 1777 diuino
2057 1720 2265 1801 praecepte·

488 1797 581 1898 quod
603 1804 639 1872 iu
663 1800 785 1873 xxm.
803 1799 928 1874 Metth.
941 1793 1009 1897 ipse
1029 1790 1228 1892 proposuit:
1258 1798 1361 1891 Quod
1397 1793 1458 1895 affe
1480 1798 1641 1885 omuibus,
1668 1801 1763 1871 etiarn
1785 1802 1987 1900 ecelesiasticis
2008 1799 2058 1877 85
2084 1808 2265 1895 mannetis,

489 1904 530 1971 de
543 1899 726 1995 seripturis
752 1922 820 1973 reon
849 1898 944 1971 habet
973 1897 1223 1983 auitoritotem,
1250 1899 1359 1969 eadem
1396 1901 1455 1993 qui
1486 1920 1586 1971 errore
1593 1900 1747 1995 sentiunt
1767 1899 1884 1972 tatere
1901 1908 2023 1975 doaorn
2041 1903 2264 1981 anteactae.

480 1998 646 2098 facilitate
660 2000 894 2083 contemnitur,
920 2022 986 2094 quo
1006 1995 1183 2090 adseritur.
1216 1996 1289 2080 Jnm
1302 2018 1360 2065 ue·
1395 1997 1444 2069 Rc
1459 2021 1492 2092 p.
1519 1998 1573 2087 (*)
1595 2021 1804 2095 nequaquam
1823 2000 1990 2087 dicimus,
2013 2023 2133 2073 omnee
2154 2010 2264 2077 omni·

488 2122 532 2171 ro
548 2091 767 2196 superstitiosa
783 2095 840 2168 illa
859 2102 893 2168 dt
914 2094 1126 2168 idololatrica
1143 2092 1359 2191 reliquiarum
1395 2118 1441 2165 uo
1467 2094 1592 2165 debere
1618 2090 1682 2165 effe
1708 2117 1890 2187 uxoratos,
1916 2096 1971 2171 sed
1994 2096 2086 2179 illie,
2111 2106 2265 2201 quinon

485 2200 660 2269 ueneratio
672 2192 803 2267 nussum
819 2198 853 2265 in
865 2188 1034 2292 scripturis
1047 2193 1147 2265 habet
1158 2189 1360 2265 fundamen·
1393 2192 1517 2264 habent
1533 2189 1673 2288 speciale
1689 2192 1773 2267 illud
1787 2201 2001 2270 continentia
2018 2196 2170 2285 donum,
2180 2226 2263 2277 con.

486 2313 571 2367 tum.
621 2289 778 2367 Erannos
807 2293 850 2364 de
879 2290 1151 2365 contentionibus
1176 2288 1242 2361 illis
1270 2296 1358 2362 iuter
1393 2288 1476 2389 jugii
1489 2290 1679 2364 remedium
1702 2290 1859 2367 divinitus
1875 2294 2101 2393 praescriptum
2120 2294 2188 2372 etse
2205 2298 2263 2379 ad.

481 2394 796 2487 Hieronymum&
825 2390 1046 2488 vigilantium
1079 2389 1144 2462 tale
1172 2386 1238 2461 sert
1270 2389 1356 2479 judi·
1389 2385 1529 2463 serimus
1545 2393 1632 2481 juxta
1649 2390 1801 2486 regulam
1820 2393 2056 2490 apostolicum:
2081 2400 2263 2495 Melioress

483 2497 575 2563 cium
593 2519 601 2564 :
626 2499 670 2566 Iu
691 2496 733 2568 V
731 2494 917 2591 igitontiurn
939 2494 987 2561 ito
1007 2487 1219 2563 debacchatur
1232 2491 1356 2561 Hiero·
1390 2494 1511 2563 nubere
1525 2513 1621 2586 quarn
1636 2494 1710 2579 uri,
1725 2488 1773 2567 67
1783 2506 1923 2587 propter
1928 2495 2188 2590 fornicationem
2202 2500 2263 2589 fn·

482 2613 627 2687 aymus,
650 2604 688 2663 ut
711 2590 894 2686 ptuseuluro
919 2589 1085 2681 modestior
1107 2610 1207 2687 cogar
1240 2588 1357 2689 defide-
1417 2586 1541 2663 iendarn
1557 2594 1694 2688 quisque
1714 2592 1831 2664 debeat
1858 2616 1992 2667 uxorem
2004 2592 2117 2690 seam.
2169 2598 2262 2701 vigi·

479 2712 570 2761 rare.
625 2694 760 2763 Utinam
776 2691 975 2787 argumentis
993 2693 1156 2760 duntaxat
1171 2684 1355 2785 agitium&
1389 2613 1511 2763 santius
1528 2688 1661 2775 docuit,
1683 2685 1868 2777 sacerdotes
1886 2689 2142 2767 debereuxorec
2159 2692 2260 2771 duce·
2297 2768 2300 2797 Ι

475 2814 502 2859 a
513 2790 667 2860 convitiis
681 2787 897 2887 temperasset!
922 2791 964 2863 N
964 2812 1015 2859 aru
1039 2788 1169 2886 uigilias
1181 2788 1356 2861 aoiiuruas
1391 2811 1449 2873 re,
1463 2812 1525 2858 noc
1538 2786 1699 2859 docemus
1715 2792 1810 2863 dicere
1820 2789 1886 2863 ittis
1902 2816 2023 2865 irroret
2039 2790 2176 2880 ducere,
2186 2820 2260 2895 qua

479 2912 551 2961 aun
568 2884 724 2986 piaruiffr
740 2888 949 2987 ereieyiastieir
975 2890 1080 2971 uiris,
1101 2889 1155 2959 oet
1170 2888 1253 2960 istud
1265 2886 1356 2981 satis
1390 2910 1460 2957 non
1475 2882 1548 2957 sunt
1565 2876 1821 2979 tradoroatna
1853 2888 2012 2964 Cosseruc
2025 2896 2060 2962 in
2075 2884 2258 2995 eucincep.

480 2991 627 3085 arguit,
653 2993 743 3085 quod
763 2990 877 3063 iorum
895 2986 1089 3061 auiioritote
1094 2984 1248 3083 sublatae
1266 2991 1352 3085 'tam
1395 3010 1448 3065 ις.
1499 2996 1544 3060 Ex
1556 2988 1765 3086 Hieronymo
1782 2988 1925 3083 coastat,
1952 2990 2169 3089 Vigiiaatiuer
2184 2994 2257 3070 iae.

478 3091 607 3164 maiae
630 3100 756 3163 tanturn
767 3087 990 3186 superstites,
1019 3110 1076 3161 aee
1099 3088 1193 3161 bodie
1215 3087 1351 3181 diffiniti
1387 3088 1521 3156 retirum
1548 3082 1706 3184 docuiffe,
1731 3112 1799 3162 nuo
1821 3086 1880 3188 effa
1901 3094 2052 3165 diaconos
2069 3094 2113 3164 ab
2139 3094 2257 3196 episto·

473 3189 585 3281 fludio
599 3195 751 3261 curritur
761 3196 806 3262 ad
818 3202 999 3287 martyrum
1014 3190 1180 3283 reliquias.
1210 3197 1247 3274 2)
1263 3194 1351 3264 Oro·
1381 3187 1438 3277 pir
1468 3187 1689 3272 ordinandos,
1724 3189 1889 3286 reiſsprius
1916 3187 2079 3287 duxiffrret
2110 3217 2254 3270 uxoren.

478 3291 588 3362 tioeere
608 3302 810 3362 nortuarear
831 3313 896 3383 pro
922 3286 998 3360 asiis
1016 3311 1085 3360 uorr
1110 3289 1285 3363 exaudiri,
1312 3310 1352 3357 ex
1386 3281 1604 3356 Bellarurinus
1618 3286 1674 3360 sib.
1694 3287 1720 3368 1.
1735 3291 1778 3359 de
1792 3289 1906 3362 cleric.
1922 3315 2023 3374 nep.
2058 3295 2254 3366 Erroreret

475 3388 723 3487 prosequitur,
739 3390 873 3484 frustra
886 3386 1027 3481 sooiios
1046 3387 1203 3460 invocari.
1262 3388 1352 3460 idern
1387 3395 1538 3477 oportere
1552 3385 1682 3457 elericos
1703 3411 1822 3463 uxores
1842 3396 1978 3476 ducere,
2002 3399 2179 3488 antequam
2201 3413 2254 3466 ot·

475 3489 595 3578 statuit
620 3488 787 3562 Lutierus
808 3492 843 3560 ia
863 3483 922 3562 ut.
941 3490 982 3557 de
1009 3485 1136 3560 reeior.
1168 3482 1211 3559 od
1236 3488 1350 3562 Wotd.
1386 3482 1683 3579 diuersusripiout‚
1709 3488 1787 3584 quia
1809 3489 1884 3586 post
1906 3491 2039 3560 ordines
2057 3515 2125 3564 noe
2142 3493 2253 3578 diruit,

473 3591 532 3660 utri
554 3591 789 3659 invocationem
807 3583 1004 3685 fortiorem
1018 3583 1155 3680 fluitare
1178 3579 1348 3676 &porei
1387 3580 1438 3654 tte
1456 3584 1556 3678 suit,
1580 3594 1619 3654 ut
1642 3582 1701 3656 etii
1724 3585 1866 3677 uoluat,
1889 3611 1989 3662 error
2004 3587 2253 3664 Nieoiaitem

471 3681 1353 3882 istisiniiiiiittiittti·5513:
1375 3681 2254 3884 tzitta&tttttt'ttitit‘gitttttti
2287 3817 2290 3824 -

389 3933 393 3948 ι
464 3885 523 3986 je
551 3909 662 3958 orare.
691 3881 871 3959 Cassander
899 3885 1079 3958 crt.·XXi.
1129 3881 1346 3976 Protestaater
1385 3900 1454 3951 tem
1484 3883 1614 3952 clericis
1635 3883 1873 3979 imponimoe?
1895 3889 2038 3958 minime
2068 3909 2173 3972 uero,
2197 3883 2289 3960 setsx

471 3983 688 4085 largienter.
699 3984 882 4082 forestorio
903 3986 988 4058 rosis
1012 4006 1112 4056 orare
1135 4007 1201 4075 pro
1221 3980 1344 4080 eeclesia
1380 3983 1529 4077 conjugii
1551 3977 1738 4054 libertatern
1760 3983 1825 4055 iiiia
1840 3984 2047 4056 vindicemus
2062 3989 2097 4058 dt
2116 3985 2252 4084 pontifi·

469 4087 668 4183 ingererer,
685 4091 744 4178 sed
764 4111 805 4158 ex
832 4113 870 4159 eo
890 4077 1092 4180 consequeus
1113 4077 1175 4178 effe
1196 4094 1343 4178 arguat,
1380 4084 1467 4151 ciam
1485 4076 1655 4150 coelibatus
1675 4081 1900 4156 necessitatem
1912 4081 2003 4154 uelut
2017 4087 2248 4181 iugumecer·

460 4187 594 4279 sautius
614 4185 893 4282 moerendoreffe.
942 4180 1064 4254 Nostra
1089 4183 1191 4278 igitur
1213 4175 1345 4253 senten·
1379 4181 1451 4250 rice
1468 4174 1616 4274 ipsorum
1632 4201 1859 4254 removemur.
1909 4179 2070 4278 Agnoscit
2092 4183 2164 4260 hoc
2184 4177 2253 4282 ipse

469 4284 621 4356 tiedissot
642 4283 851 4380 evigilantii
877 4286 1052 4380 opinione.
1110 4280 1344 4370 Hieronymus
1378 4275 1622 4362 Beltarmtuum
1649 4273 1692 4348 fic
1712 4284 1803 4352 enim
1818 4302 1928 4379 porro
1942 4277 2053 4354 scribit
2067 4277 2091 4354 s.
2118 4283 2153 4356 d.
2181 4293 2250 4360 Le·

468 4381 690 4480 vigilantium
708 4383 777 4454 hoc
797 4388 939 4456 nomine
953 4395 1148 4476 oppugnet,
1173 4378 1264 4474 quod
1285 4403 1342 4451 ne·
1377 4375 1508 4450 theraei
1527 4381 1657 4464 dorent,
1687 4403 1754 4454 nore
1776 4386 1871 4454 modo
1891 4393 1988 4469 oete,
2011 4403 2125 4454 uerene
2154 4379 2251 4458 etien'

466 4485 620 4574 genuit,
647 4482 850 4577 stadiorum
873 4482 1039 4554 orationes
1055 4499 1122 4571 pro
1140 4475 1216 4550 osiir
1239 4499 1344 4556 rotare·¹
1372 4476 1445 4570 poti
1459 4475 1697 4550 ordinationem
1711 4480 1808 4552 tierre
1820 4504 1953 4554 uxoren
1967 4486 2099 4564 ducere,
2113 4478 2254 4578 idquori

463 4556 551 4666 diri,
575 4575 631 4652 ted
646 4577 795 4683 nuspiam
814 4587 848 4653 in
865 4598 939 4653 toto
958 4575 1021 4647 iilo
1036 4570 1161 4673 scripto
1178 4599 1217 4650 ex
1234 4581 1340 4648 enin·
1376 4599 1454 4646 cum
1473 4569 1572 4650 sacris
1588 4573 1708 4648 sittcriu
1728 4584 1763 4652 dc
1786 4583 1966 4677 primitivae
1983 4575 2127 4649 ecclefiae
2149 4579 2248 4652 hisso·

464 4673 552 4767 fert,
574 4674 705 4755 sancta
718 4707 745 4780 e,
758 4680 857 4756 nobie
872 4674 1079 4758 innocentior
1096 4671 1181 4765 esic,
1200 4679 1273 4749 imo
1289 4677 1339 4748 di·
1374 4678 1425 4748 ria
1460 4677 1645 4748 convenire
1670 4671 1732 4749 suo
1763 4675 1843 4751 luco
1859 4674 2153 4752 demonstrabitur.
2202 4681 2247 4772 4)

2158 4777 2248 4854 Noe

476 4961 492 4996 ί
1323 4989 1334 5008 .
1469 4958 1477 4972 ·
1722 4964 1729 4982 .
1889 4960 1897 4976 ο

457 4933 950 5120 ‘}„i⁰t„tttttit„''tttt
963 4959 1333 5112 tiit'tttitt'stttt.
1409 4959 1639 5100 {iiiiii
1660 4961 2075 5115 tttttti‘t’tttttt':
2090 4963 2247 5114 aim:

480 5145 548 5202 ¹reo
566 5131 643 5203 ioco,
663 5127 770 5200 qnippe.
781 5141 849 5200 qnae
865 5127 925 5182 deta
943 5127 994 5190 eti,
1016 5135 1046 5181 ut
1061 5125 1091 5179 fit
1108 5125 1185 5179 unica
1203 5121 1266 5176 fidei
1283 5137 1332 5176 uo·
1407 5131 1470 5178 tonr.
1484 5121 1531 5182 IV⁴
1545 5123 1609 5196 disp.
1629 5142 1654 5206 9ΙΙ
1671 5145 1741 5202 q.·5.
1753 5125 1841 5202 punit.
1857 5143 1885 5194 ς.
1904 5119 1929 5200 p.
1942 5113 1997 5200 sed
2013 5115 2057 5179 iis
2078 5123 2245 5206 urguenti

479 5207 565 5280 'ntae
581 5211 680 5278 tegrin
697 5253 699 5258 .
720 5205 777 5277 leat
790 5225 853 5264 vero
872 5207 1019 5266 secerdotes
1042 5205 1138 5260 debere
1156 5203 1206 5256 etie
1223 5203 1332 5278 coelibes
1404 5201 1603 5265 Genuanoos.
2139 5199 2144 5214 '

497 5275 645 5348 non'exiet
658 5289 688 5347 iu
705 5291 762 5348 ulto
780 5285 922 5364 rcrtpturae
939 5289 1001 5349 ioco
1013 5319 1023 5358 ,
1037 5283 1099 5359 quia
1120 5281 1259 5343 caelibatus
1274 5297 1329 5338 non
