5442 6225
1034 525 1106 603 AB
1130 519 1329 605 LOCVM
1361 523 1435 617 DE
1457 524 1738 635 necasse·
2205 558 2280 623 aar

486 715 560 775 tem
578 722 658 777 ocra
678 699 827 775 exonio
846 696 915 774 oet
932 689 992 794 effe
1008 690 1142 771 adserit.
1166 697 1260 790 (88)
1285 696 1370 794 Qi·
1403 696 1682 773 dodrinarumin
1698 698 1805 771 uerbo
1821 697 1887 770 Dei
1913 696 2109 775 traditarum
2120 702 2277 807 alioquim

487 803 552 874 hus
569 801 679 872 uerbis
693 798 882 873 luculenter
898 794 1017 881 docet,
1043 801 1275 893 cognitionem
1286 819 1361 866 ver·
1403 802 1454 868 tio
1466 849 1479 882 ,
1490 802 1540 877 ‚dt
1555 797 1863 898 quomodocunque
1880 798 1928 868 illi
1944 796 2008 872 sese
2029 823 2174 895 sertam,
2200 805 2272 885 sole

486 900 525 972 bi
543 902 649 975 divini
670 897 886 971 &doctrine
907 893 1052 969 salutaris
1075 897 1113 967 in
1131 893 1193 966 illo
1210 893 1359 980 traditae,
1402 897 1593 970 meridiano
1609 897 1730 969 clarius
1746 897 1810 985 cll,
1833 900 1868 968 in
1883 898 1981 970 rebus
2003 900 2044 972 ad
2061 900 2271 1003 religionem

486 1024 556 1099 qua
571 996 654 1071 fides
668 994 865 1094 denotatur,
891 995 1081 1091 praecedere
1098 991 1221 1065 debere
1241 999 1361 1088 cogni·
1402 997 1645 1092 pertinentibus
1666 1022 1738 1068 non
1761 998 1922 1069 humanas
1945 998 2175 1093 audoritares,
2200 1034 2272 1081 non

483 1104 621 1175 tionem
642 1094 797 1177 ecclcsiae,
848 1093 966 1193 Neque
983 1089 1358 1165 unitaeecclestaealium
1400 1118 1523 1165 caecam
1549 1094 1653 1168 sidem
1675 1116 1773 1195 atque
1800 1097 2027 1169 'obedientiam
2053 1088 2272 1193 valere,'sed

485 1198 650 1271 ordinem
687 1199 796 1269 atitnr.
845 1191 1113 1277 Quaelibetenim
1125 1188 1263 1263 societas
1286 1191 1361 1288 plo·
1399 1191 1546 1265 liberum
1578 1202 1630 1268 cui
1656 1220 1699 1268 ue
1731 1220 1872 1267 examen
1905 1195 2164 1297 relinquendum
2196 1203 2273 1279 else.

483 1303 582 1371 rium
601 1219 818 1393 personarum
838 1295 880 1364 ad
910 1314 1129 1363 communem
1152 1291 1296 1385 aliquem
1317 1291 1358 1362 fi·
1396 1296 1510 1395 Atque
1525 1296 1570 1363 ita
1586 1221 1915 1391 dodorespontificii
1926 1349 1936 1383 ,
1951 1295 2033 1369 dum
2047 1302 2274 1387 viamexami·

483 1422 573 1471 neto
588 1391 809 1467 obtinendum
827 1390 970 1485 inslituta
985 1387 1141 1487 supponit
1156 1392 1357 1487 principium
1397 1396 1449 1461 nis
1470 1386 1688 1492 proscriptam
1708 1396 1846 1481 volunt,
1878 1392 2020 1467 eandem
2040 1391 2106 1495 ipsa
2127 1403 2272 1479 audicti-

481 1494 647 1595 aliquod,
673 1498 707 1564 in
751 1517 795 1564 uo
812 1490 965 1563 membra
980 1489 1250 1563 isliusuniantur:
1275 1490 1359 1560 Vni·
1398 1493 1472 1561 tatia
1487 1492 1655 1564 methodo
1678 1492 1852 1565 stabilitam
1869 1492 1980 1565 uidere
1997 1518 2177 1617 cqguntur.
2199 1508 2269 1579 lm-

483 1613 537 1669 tar
562 1588 706 1667 ecclesiae
727 1516 890 1691 supponit
914 1589 1075 1662 unitatem
1098 1586 1178 1659 fidei
1192 1587 1359 1685 preceda·
1400 1613 1460 1663 mo
1483 1615 1567 1662 vero
1595 1598 1696 1669 etiarn
1724 1589 1791 1691 ipsa
1813 1591 1950 1663 illorum
1976 1602 2109 1690 praxis,
2142 1604 2268 1697 quoad
2356 1638 2362 1645 ·

477 1674 610 1780 ήκω,
635 1696 749 1789 inqua
761 1695 966 1764 conveniunt
981 1685 1115 1774 fideles,
1139 1712 1203 1786 qua
1217 1685 1359 1782 conjun·
1399 1689 1575 1760 haereticos
1596 1696 1631 1763 in
1642 1697 1812 1790 gremitun
1833 1688 1976 1763 ecclefin
1996 1694 2157 1772 Romane
2171 1702 2270 1785 redu.

485 1796 736 1895 gunturdttan
760 1814 838 1861 uam
854 1778 1119 1862 memhraunina
1144 1784 1360 1881 ejusdemque
1399 1788 1528 1861 cendos
1544 1808 1699 1877 utuntur,
1727 1788 1904 1862 manisello
1921 1790 1966 1860 ell
1989 1792 2139 1884 indicio,
2166 1824 2268 1896 quam
2353 1818 2357 1827 ·

483 1896 644 1992 eorporis
657 1816 838 1962 arslihuno
850 1887 1222 1961 uinculocontinentur.
1253 1887 1361 1957 Cutn·
1400 1886 1716 1984 parmnpraelidiiin
1736 1889 2267 1974 uianahoritotisadversuamo.
2318 1926 2325 1935 ·

483 1986 553 2091 quc
570 2013 673 2063 nemo
688 1983 859 2062 sanatoris
875 1989 971 2079 hujus
995 1982 1176 2072 societa‘tir,
1201 2010 1274 2083 quae
1295 2008 1359 2055 no·
1400 1979 1495 2057 rosor
1519 2004 1618 2086 atque
1647 1992 1831 2085 pertinaces
1856 1990 2120 2089 incredulorum
2137 2010 2269 2074 animoa
2367 2006 2371 2011 '

483 2091 649 2167 hilioretn
659 2090 724 2159 Dei
738 2085 909 2159 familiam
922 2085 1115 2168 conssituit,
1140 2089 1356 2156 commuuio·
1399 2104 1545 2182 ponant,
1560 2092 1719 2185 quodque
1749 2081 1850 2187 ipsam
1878 2094 2035 2162 examinis
2045 2094 2130 2165 viam
2144 2142 2158 2175 ‚
2187 2100 2268 2175 licet

483 2188 616 2269 nesrui
638 2207 756 2286 queat,
790 2184 850 2257 nist
865 2182 996 2263 fidelis,
1029 2176 1158 2255 necesse
1183 2183 1227 2255 ell
1250 2181 1356 2254 fidem
1398 2188 1514 2269 inviti,
1541 2210 1641 2284 quam
1659 2183 1855 2259 tutiffimum
1869 2191 2013 2259 veritatis
2026 2191 2268 2291 cognoscendo

511 2285 785 2363 rocedereislam
804 2288 1107 2373 communionem,
1133 2280 1358 2356 eunrsrtilliua
1401 2282 1574 2373 medium,
1605 2280 1796 2384 agnoscant.
1857 2286 1970 2358 Tanta
1998 2294 2091 2362 enim
2121 2297 2269 2371 volumi·

464 2314 757 2467 'fondamentum
807 2382 1007 2481 Praepossere
1018 2385 1120 2479 igitur
1133 2400 1235 2481 agunt
1249 2380 1356 2453 ecclc·
1400 2407 1483 2454 num
1494 2380 1648 2482 farrago,
1663 2380 1867 2481 quae'contra
1879 2384 2094 2479 protestantes
2107 2397 2173 2485 jam
2198 2394 2271 2470 edi.

481 2485 539 2565 fi:
559 2487 720 2559 Routnae
738 2478 892 2561 adseclae,
915 2482 1050 2578 quando
1073 2478 1210 2568 volunt,
1243 2486 1356 2579 ingre·
1398 2478 1520 2553 derunt
1543 2487 1577 2555 dt
1594 2482 1703 2557 adhuc
1730 2485 1850 2571 edunt,
1872 2502 1927 2556 tot
1949 2505 2082 2585 tamque
2107 2494 2269 2571 artificio·

483 2584 653 2667 diendum
669 2577 733 2655 eisc
746 2587 780 2654 ln
796 2580 987 2668 ecelesiam,
1010 2599 1186 2678 antequam
1202 2577 1304 2651 hdern
1321 2585 1356 2653 dt
1400 2579 1442 2655 sae
1458 2582 1634 2671 methodi,
1658 2604 1725 2653 tarn
1750 2582 1846 2680 longi
1869 2590 1902 2657 ἀ
1927 2586 2050 2681 prolixi
2073 2594 2267 2690 adparatus,

482 2689 722 2781 cognitionem
747 2687 891 2755 veritatis
917 2680 1105 2752 habeamus.
1155 2680 1236 2751 Hoc
1263 2677 1355 2749 euim
1398 2679 1518 2778 quibua
1539 2681 1755 2779 protestantes
1789 2682 1831 2753 ad
1863 2682 2094 2780 ampledlenda
2122 2695 2266 2771 ecclesie

483 2784 554 2869 esl,
574 2782 662 2855 velle
678 2775 742 2853 esse
759 2786 793 2852 in
805 2780 931 2854 samilia
946 2779 1009 2850 Dei
1019 2826 1031 2864 ,
1058 2786 1234 2877 autequam
1254 2777 1294 2877 ah
1310 2801 1354 2848 eo
1395 2780 1557 2851 Romanae
1572 2775 1659 2852 sacra
1676 2781 1809 2854 allicere
1824 2780 2042 2869 sludent,non
2058 2787 2117 2861 nifi
2135 2818 2177 2864 eo
2193 2792 2265 2894 spe-

478 2885 593 2985 genitl
613 2876 742 2975 sumna,
760 2887 794 2955 dt
816 2881 903 2953 velle
920 2905 995 2951 rem
1010 2873 1349 2977 cognoscere,igno‚-
1396 2879 1488 2951 dlare
1502 2876 1660 2976 potsunt,
1686 2878 1864 2980 siquidem
1885 2906 1956 2955 rem
1978 2880 2066 2959 serio
2086 2912 2206 2989 agant,
2230 2916 2267 2969 ut

482 2986 643 3071 rataelus
663 2979 793 3063 forma,
817 2979 923 3076 qualia
947 2977 991 3048 ell
1017 2975 1173 3051 doelrioa
1200 2973 1352 3076 respedha
1393 2998 1611 3075 argumenta,
1645 3004 1718 3075 qun
1743 2980 1843 3050 nobis
1876 3005 2071 3079 opponunt,
2095 2997 2265 3069 examine-

481 3078 632 3160 ecclefiae
647 3081 758 3152 eidem
776 3075 1013 3176 superllrnehae.
1395 3103 1488 3163 rurus,
1513 3083 1692 3150 veritatem
1713 3075 1853 3150 illorum
1874 3102 1973 3177 atque
1994 3077 2195 3163 soliditatem
2210 3092 2266 3166 di-

523 3162 566 3282 5.
585 3185 669 3256 XX
672 3183 723 3253 tl.
754 3178 826 3247 Nec
851 3200 933 3246 vero
964 3178 1065 3243 etiam
1088 3169 1291 3268 negligenda
1305 3170 1351 3242 ell
1393 3177 1598 3266 judicemus,
1624 3181 1709 3256 dtvi
1726 3201 1762 3248 ac
1779 3176 1905 3250 robore
1921 3186 2104 3257 eorundem
2127 3198 2267 3264 convio-

481 3279 540 3354 illa
572 3282 818 3370 theologorum
856 3271 1109 3369 protellantiurn
1145 3265 1353 3355 obseruatio,
1395 3278 1543 3371 cietque
1565 3278 1601 3344 io
1626 3271 1731 3346 finum
1758 3273 1903 3348 ecclesiae
1924 3276 2085 3352 Romame
2114 3297 2268 3366 revocari
2392 3347 2398 3356 .

529 3379 638 3450 odvia
661 3359 870 3447 adtlorirolis
893 3367 1052 3467 supponat
1076 3370 1351 3443 oiooexomr'uit.
1395 3396 1460 3444 nos
1476 3376 1651 3467 patiamur.
1702 3376 1744 3446 Et
1761 3374 1804 3447 src
1824 3377 1904 3449 dum
1929 3402 2074 3451 examen
2100 3387 2136 3460 in
2161 3390 2265 3465 eaufie
2356 3452 2361 3460 ,

478 3403 597 3554 dueum
614 3481 705 3547 enim
732 3468 815 3543 sanz
836 3474 957 3544 tnetttis
979 3464 1166 3539 aufloritati
1186 3467 1284 3542 ullius
1302 3493 1354 3540 ec·
1394 3470 1570 3569 religionis
1582 3496 1620 3542 cx
1637 3497 1703 3543 una
1722 3495 1813 3569 parte
1827 3473 1967 3548 exosum
1984 3482 2265 3580 reddet-eunium,

479 3576 588 3666 elehae
603 3573 637 3648 se
653 3571 977 3667 submittetuuquam
991 3619 1005 3646 ,
1025 3565 1085 3638 nist
1102 3566 1251 3639 inslituto
1264 3573 1354 3663 prius
1395 3594 1438 3642 cx
1454 3572 1557 3642 altera
1583 3567 1647 3640 suia
1672 3572 1820 3671 ipsorum
1841 3571 1972 3675 scriptis
1993 3581 2073 3655 illuc
2102 3592 2264 3678 invitant,
2330 3587 2367 3612 ’“

480 3678 639 3749 examine
656 3693 868 3766 compertum
888 3668 1025 3758 habeat,
1047 3681 1133 3748 ‚tum
1152 3668 1243 3764 quod
1261 3669 1352 3740 Deua
1397 3675 1538 3768 turpiter
1562 3667 1621 3743 fibi
1645 3673 1681 3744 iu
1707 3697 1744 3744 re
1769 3675 1960 3774 graviffima
1985 3686 2267 3774 contradicentes,

456 3837 466 3864 ,
481 3767 630 3850 'noluerit
645 3772 822 3843 infallibile
837 3768 999 3862 ejtuntodi
1018 3766 1161 3843 tribunal
1174 3764 1352 3839 conslitue'-
1397 3766 1435 3866 (ε
1445 3775 1500 3861 9).

480 3900 539 3962 re,
565 3876 619 3944 cui
641 3868 787 3944 absolute
815 3866 928 3956 subjici
949 3865 1064 3941 fideles
1090 3863 1290 3954 necessest,
1318 3871 1352 3939 dt
1448 3870 1486 3962 §-
1514 3870 1670 3945 XXIII.
1698 3870 1955 3967 Superelltcttia
1972 3875 2263 3978 argumentorum,

432 4003 438 4014 ··
514 3975 574 4044 rod
593 3978 629 4040 iu
646 3971 743 4041 rebus
758 3967 837 4040 fidei
854 3967 1051 4039 illituitatam
1072 3966 1189 4035 habeat
1204 3965 1350 4053 iudicari·
1389 3969 1513 4066 'quibus
1534 3969 1749 4067 protestantes
1766 3973 2038 4065 uinmexomr'nia,
2065 3980 2192 4055 exclusa
2210 3975 2266 4069 uia

478 3999 790 4151 dhauetmturetu,
816 4089 888 4137 tum
909 4066 999 4161 quod
1023 4069 1160 4138 illudio
1182 4067 1244 4134 hac
1266 4088 1350 4161 prae·
1396 4065 1628 4155 nodositatis,
1654 4087 1787 4150 tuentur
1795 4123 1806 4160 ,
1834 4070 1963 4156 claffir,
1988 4100 2088 4172 quam
2114 4083 2267 4159 tesliuro·

480 4169 594 4246 sertim
611 4165 771 4251 eccleffls
793 4192 866 4266 <1¹1ae
890 4165 972 4236 illud
998 4164 1058 4237 fibi
1080 4163 1244 4246 vindicat,
1269 4160 1349 4233 resl-
1393 4172 1448 4238 nia
1458 4189 1589 4266 patrum
1607 4165 1750 4242 ecolehae
1765 4175 1964 4267 antiquioris
1977 4174 2193 4276 eiusdetnque
2206 4209 2269 4282 pu.

427 4321 428 4328 κ
478 4269 566 4346 deat.
618 4267 784 4338 Neutrum
807 4285 917 4336 autem
937 4260 1011 4335 sciri
1034 4261 1155 4361 potesl,
1193 4258 1253 4331 nist
1273 4285 1350 4357 per·
1389 4264 1730 4355 riorijs'eonslituunt,
1753 4272 1933 4368 exquibus
1957 4298 2063 4346 onum
2082 4275 2268 4359 alterumve

476 4363 585 4468 spcdla
603 4371 771 4436 rationum
790 4370 823 4436 dt
838 4383 1136 4459 argumentorum,
1162 4359 1351 4455 quibusdu—
1389 4362 1559 4438 adduxisse
1573 4361 1722 4439 snfficiat.
1771 4369 1817 4438 lta
1834 4370 1972 4464 quidem
1993 4375 2196 4470 laentum,
2214 4409 2271 4456 ω.

514 4493 557 4542 ert
571 4464 656 4538 illud
678 4459 843 4544 adsertum
864 4469 1000 4542 nititur,
1026 4459 1191 4532 soliditate
1218 4464 1350 4555 &prae-
1392 4465 1493 4552 lehris
1515 4465 1685 4562 quondam
1707 4461 1807 4540 seculi
1826 4469 1868 4546 11.
1896 4467 2049 4544 adversus
2074 4476 2271 4576 iratenens,

476 4469 642 4670 hsppol'rta
661 4564 753 4633 verbi
771 4563 876 4633 divini
895 4566 1118 4656 cogititione,
1142 4583 1181 4628 ex
1193 4562 1351 4654 quautri·
1395 4570 1452 4663 qui
1471 4588 1511 4634 ex
1531 4563 1738 4640 Orientali&
1748 4566 1941 4665 Egyptiaca
1960 4567 2172 4671 philosophie
2188 4606 2271 4680 pso.

477 4666 713 4768 nequeuntitia
736 4663 861 4731 hauriri
883 4657 989 4775 patell
1014 4657 1177 4730 redebet.
1225 4658 1349 4754 llcqui·
1395 4657 1579 4782 repserunt,
1590 4658 1785 4760 disputator,
1789 4663 1931 4835 prorsus
1945 4670 2125 4768 magnifice
2142 4675 2271 4755 dever-
2318 4689 2322 4696 ’

474 4775 562 4848 ,nur
578 4783 665 4858 ergo
691 4760 843 4830 adr-urata
865 4765 1111 4843 donationum,
1139 4778 1218 4852 quas
1233 4758 1351 4827 adver·
1394 4762 1429 4834 bt
1454 4760 1559 4833 drama
1576 4762 1786 4840 ausloritate·
1812 4759 1931 4853 riserit,
1946 4769 2145 4865 scriptoris,
2162 4784 2272 4873 inqui.

472 4861 553 5030 parii
566 4863 612 4958 ad,
626 4857 824 4934 sententiam
841 4853 932 4929 suam
948 4855 1105 4929 tuendam
1119 4853 1295 4945 adserunt,
1314 4860 1349 4931 dt
1397 4885 1483 5032 ensfi
1505 4863 1576 5031 quisq
1585 4858 1625 4960 ep
1633 4861 1739 4960 firma
1762 4876 1890 4960 petra,
1916 4867 1969 4948 his
1991 4874 2171 4965 ceresiers,
2196 4885 2274 5059 qpqqq

450 5115 463 5130 ··
508 5105 587 5182 (η)
603 5091 690 5166 'Rom
703 5101 738 5163 X.
751 5123 789 5168 rt.
1458 5045 1587 5164 'llluhrat
1601 5121 1679 5184 atqua
1696 5113 1840 5176 confirmat
1852 5114 2108 5184 'Ziannorum
2121 5167 2131 5198 ,
2150 5124 2212 5212 dff
2221 5127 2274 5216 sp,

509 5191 587 5265 (spi
607 5188 744 5247 Prolixiua
760 5183 966 5253 haereremplia
983 5190 1141 5251 omnent,
1161 5187 1341 5245 Meldenhurn
1468 5198 1525 5266 pra
1542 5183 1787 5273 dard-patospq.
1805 5195 2081 5287 itemqoepnaasqq,
2182 5269 2186 5274 Ι

551 5268 697 5346 purletia,
717 5269 854 5328 Nrcontm
874 5266 1344 5328 Senseraacueutnreunonn
1373 5277 1381 5282 '
1629 5289 1654 5324 s
