5442 6225
600 554 670 649 aas
958 538 962 547 ·
1149 530 1691 626 noct'rtxnt.-·÷-cnru³r
1715 550 1807 629 vn.
1933 544 1937 551 ·

585 725 754 800 aChrillns
770 726 891 819 docet,
912 730 988 828 plor
1011 752 1090 804 nov.
1107 730 1270 803 tellcitta
1287 724 1466 799 discrimen
1487 730 1568 829 stat.
1631 732 1726 830 Resp.
1764 740 1798 825 ι)
1814 728 2034 808 bellarminus
2058 756 2129 836 cap.
2156 738 2300 841 praesti.
2321 770 2359 829 ς,

555 880 571 905 .
587 821 759 899 ,locorum
781 837 815 901 in
833 832 955 928 Spiritu
979 834 1013 901 dt
1028 835 1165 901 veritate
1185 832 1297 900 Deum
1313 827 1465 897 adoratu-
1495 827 1553 901 snb
1569 831 1670 907 finem
1687 834 1730 905 fic
1746 832 1877 905 scribit:
1903 834 2047 935 Eccleja
2058 841 2262 936 triampbasss
2277 847 2358 917 ani·

587 947 669 997 :ron
718 927 855 1029 chtrit
874 929 1112 999 Beltarmtnns:
1137 934 1173 1005 Si
1184 925 1457 1023 Cirristusuoluis
1496 944 1531 1001 tu
1553 932 1615 1022 ιβ,
1642 936 1703 1004 into
1717 936 1828 1027 potitis
1844 957 1911 1006 aaa
1930 933 1970 1024 esi
1994 959 2062 1009 cam
2086 938 2265 1028 militante,
2292 966 2358 1015 un-

577 1024 648 1121 set
664 1026 788 1115 dicere,
812 1052 906 1101 veros
927 1032 991 1100 Dei
1010 1029 1146 1100 caltores
1167 1052 1234 1100 aon
1253 1027 1392 1120 amplias
1408 1022 1465 1095 ad·
1496 1035 1539 1098 de
1559 1030 1602 1101 lic
1614 1033 1846 1103 concludimus
1861 1053 1872 1102 t
1890 1037 1981 1125 cujus
2006 1057 2080 1133 pars
2093 1060 2157 1107 uua
2176 1038 2222 1109 cli
2243 1038 2356 1115 inviti·

600 1132 752 1196 maturos
765 1132 870 1200 Deam
884 1134 918 1197 in
938 1126 1164 1221 Hierusalem,
1184 1150 1287 1224 neque
1308 1129 1342 1194 in
1356 1136 1464 1194 monte
1496 1126 1598 1213 bilis,
1625 1128 1708 1201 illud
1730 1126 1879 1228 respedlu
1893 1132 2093 1228 partisillius
2112 1133 2157 1207 eil
2179 1126 2355 1213 invisibile.

602 1225 771 1309 Gariatm,
789 1227 916 1322 falsam
944 1225 1096 1323 dixisset,
1118 1227 1240 1320 conflat
1260 1227 1375 1307 euim,
1404 1228 1465 1296 Pe·
1496 1228 1681 1298 Catholicae
1704 1226 1847 1299 ecclesias
1863 1252 1937 1323 pars
1958 1254 2042 1309 una,
2065 1233 2221 1305 videlicet
2245 1228 2375 1310 eccla·¹

598 1332 683 1403 iram
699 1323 746 1397 {a
760 1329 1015 1421 loiaammpojl
1032 1338 1194 1418 accrptum
1215 1328 1371 1418 Spiritum
1380 1322 1465 1415 san·
1497 1322 1539 1395 [ια
1561 1331 1595 1395 in
1608 1326 1700 1397 coelia
1711 1331 1942 1423 triumphans,
1967 1328 2012 1401 0ss
2027 1328 2207 1406 invifibilis.
2256 1336 2353 1435 E'rgo

600 1418 682 1493 tium
709 1422 907 1523 adsceodmffe
931 1435 967 1495 itt
1002 1424 1151 1519 templum
1185 1421 1464 1519 Hierosolymis:
1495 1425 1659 1496 catholica
1676 1422 1808 1497 ecclelia
1828 1421 1976 1527 rel'peilu
1992 1426 2079 1499 illius
2115 1434 2192 1500 artis
2211 1429 2354 1507 alliari-

586 1542 678 1592 trram
698 1528 742 1595 ad
761 1525 875 1599 lorum
896 1529 1055 1599 orationis
1071 1549 1192 1596 nonam
1216 1524 1288 1595 ott.
1310 1524 1367 1592 lll.
1391 1547 1466 1591 too·
1498 1520 1616 1602 sibilis,
1638 1530 1672 1597 dt
1694 1547 1753 1621 per
1767 1454 2152 1622 consequensstcuaitm
2168 1533 2248 1626 qaid
2266 1532 2354 1604 duu-

583 1616 773 1709 lstatetiam,
784 1619 1465 1722 semperfaiffeioPalatslianclttillianos‚
1496 1640 1599 1708 taxat,
1617 1647 1687 1692 non
1708 1640 1819 1693 autent
1831 1622 2021 1721 fimplititer
2044 1626 2090 1698 stt
2112 1624 2256 1702 vilibilis.
2310 1634 2352 1724 a)

587 1724 658 1814 iqui
683 1731 786 1796 Deum
822 1730 1038 1797 adoraverim
1065 1727 1100 1793 in
1126 1723 1327 1818 Hierusalem
1357 1719 1404 1794 67
1428 1724 1464 1791 ia
1495 1720 1609 1790 Monti
1621 1720 1733 1794 Sionis
1744 1723 1927 1818 corporalis
1940 1730 2084 1823 opponit
2096 1725 2251 1798 audlorc
2276 1727 2355 1800 isso·

589 1832 711 1890 monte
726 1825 876 1895 Garizim
894 1821 966 1912 &a
1019 1828 1061 1893 lit
1077 1815 1199 1892 frivola
1219 1824 1289 1891 huc
1306 1818 1349 1888 cll
1364 1844 1463 1889 exce·
1494 1815 1534 1887 lae
1556 1839 1708 1891 montem
1726 1820 1836 1893 Sionis
1854 1816 2078 1917 spiritualem3
2103 1754 2354 1919 Hierosolyma

585 1922 683 2014 (patio.
734 1920 885 1991 Clu-illus
905 1946 974 2005 nun
988 1919 1181 2016 fitnpliciter
1195 1936 1315 2017 negat,
1337 1923 1410 2013 pios
1426 1926 1461 1986 in
1493 1935 1633 1988 terrcnae
1647 1924 1800 2015 opponit
1830 1917 2103 2014 Hierosolymam
2129 1917 2351 2019 spiritualem,

588 2010 810 2091 ¹Hierusalem
833 2024 868 2093 ἁ
892 2039 1009 2090 monte
1036 2021 1186 2089 Garizim
1206 2037 1360 2114 tempore
1384 2040 1461 2086 nov.
1495 2039 1595 2108 quam
1626 2035 1722 2086 vocat
1748 2020 1915 2088 civitatem
1945 2021 2188 2106 velitrensis,
2212 2022 2268 2095 ubi
2292 2046 2353 2119 per

591 2110 669 2185 ztsll.
704 2115 816 2189 Deum
840 2116 1069 2201 adoraturos,
1112 2111 1168 2187 led
1210 2138 1288 2187 cusu
1327 2121 1461 2210 opinio·
1494 2115 1634 2184 Sionem
1651 2108 1853 2211 spiritualem
1874 2123 1908 2188 dt
1929 2122 2097 2190 civitatem
2120 2119 2186 2190 Dei
2210 2121 2354 2195 viventia

586 2232 643 2283 :ne
672 2210 730 2284 illa
759 2211 953 2305 neceffitatis
977 2222 1010 2288 C<
1034 2214 1210 2313 peculiaris
1229 2208 1403 2284 laudlitatis
1423 2236 1465 2280 ex
1494 2235 1565 2283 non
1591 2212 1749 2310 intelligit
1773 2210 1942 2286 ecclefiam
1966 2215 2120 2289 duntaxat
2143 2222 2355 2316 triumphau-

587 2306 677 2379 .loco
699 2304 884 2406 sperandae,
908 2339 970 2482 appa
994 2316 1187 2383 Samaritani
1208 2315 1242 2381 in
1268 2331 1382 2382 monte
1400 2312 1466 2379 Ga·
1496 2328 1582 2396 tem,
1612 2303 1668 2381 sed
1688 2330 1791 2381 totam
1812 2312 2012 2385 catholicam
2039 2313 2230 2404 scelel'tmn,
2261 2324 2355 2411 cujus

597 2410 720 2492 riatur,
745 2412 849 2496 Judaei
869 2416 901 2480 in
957 2406 1129 2482 ierusalem
1150 2409 1350 2497 adorabant,
1378 2432 1417 2480 ac
1435 2406 1458 2478 ti
1495 2433 1568 2505 pars
1582 2412 1723 2479 interris
1745 2408 1853 2481 adhuc
1874 2412 2004 2486 militat.
2070 2412 2352 2504 Ollrnditeuint‚

570 2508 767 2579 ··=exauditio
790 2515 953 2579 orationis
973 2510 1014 2581 ad
1042 2520 1169 2579 certtrm
1187 2508 1300 2579 loclnu
1321 2505 1462 2604 adligata
1492 2502 1556 2576 alle
1580 2530 1680 2577 unam
1708 2504 1953 2583 societatem&
1982 2509 2191 2619 atilill‘mtafn
2211 2519 2355 2604 conjun-

597 2600 657 2689 iit,
682 2628 739 2695 eos
758 2606 953 2677 adoraturos
981 2626 1097 2703 negat,
1123 2608 1189 2678 hoc
1214 2604 1277 2691 eti,
1302 2602 1369 2675 fine
1389 2606 1460 2673 ullo
1493 2605 1641 2675 diionrtu
1657 2605 1798 2676 ecclelia
1813 2613 1847 2676 in
1868 2613 1962 2679 terris
1976 2608 2146 2679 militantis
2161 2617 2194 2683 dt
2209 2611 2353 2685 scelesta

598 2698 756 2775 locortun
765 2699 959 2778 discrimina
974 2712 1007 2776 in
1021 2708 1142 2800 Spiritu
1158 2711 1191 2777 dt
1205 2708 1340 2773 veritate
1350 2704 1464 2773 Deum
1493 2704 1528 2770 ln
1544 2700 1635 2773 coelis
1663 2705 1918 2799 triumphantis,
1940 2725 2040 2802 atque
2066 2728 2240 2805 utramque
2262 2710 2355 2782 relnt

449 2816 455 2821 '
597 2797 776 2875 adoratum
792 2804 832 2874 ab
851 2803 927 2900 ipfis
948 2809 988 2873 iri
1009 2802 1138 2874 adierit.
1198 2807 1237 2889 4)
1259 2798 1339 2870 inde
1359 2799 1461 2873 nasci·
1494 2823 1597 2870 unum
1639 2799 1786 2871 uoddam
1809 2801 1981 2896 mysticum
2000 2827 2123 2901 corpus
2142 2807 2355 2881 confideran·

596 2899 726 2971 toralia
746 2898 934 2973 observatio
952 2920 1067 2972 contra
1084 2898 1333 2983 bellarminum.
1393 2900 1463 2968 Sta·
1494 2898 1571 2969 dam
1590 2825 1654 2970 elie
1669 2899 1817 2972 ollandit.
1841 2903 2034 2998 Acceffiliis‚
2049 2908 2194 3000 (inquit)
2208 2930 2278 2977 non
2299 2932 2354 2978 ης.

596 3003 660 3071 tuit
669 2992 933 3096 ipss‚ecclsfiam
946 3025 1023 3077 nov.
1046 2998 1114 3070 tell.
1130 2991 1193 3067 silc
1207 3000 1360 3067 Rotnano
1378 3022 1462 3093 pon.
1494 2994 1616 3068 cedetis
1631 2998 1768 3067 dentum
1793 3000 1834 3069 ad
1856 2997 2040 3100 πανήγυριν
2070 3004 2109 3073 sd
2138 3005 2355 3101 universalem

599 3096 683 3171 sitici
696 3121 734 3171 ac
750 3099 824 3174 urbi
848 3102 967 3173 Roma
986 3097 1184 3197 adligatam,
1207 3092 1296 3166 unde
1319 3096 1458 3169 catholi-
1493 3095 1745 3171 carrucatam&
1757 3100 2223 3201 ectlfiumptimogtnitormn.
2257 3107 2398 3200 Ergo·¹

598 3223 671 3272 cam
687 3207 720 3274 dt
736 3200 924 3271 Rotnaumn
944 3196 1114 3270 eccleliatn
1139 3194 1237 3266 habet
1259 3218 1322 3290 pro
1343 3202 1460 3266 termi-
1493 3219 1561 3265 non
1590 3196 1738 3293 loquitur
1762 3200 1802 3265 de
1825 3203 2048 3296 triumphante
2066 3202 2220 3274 duntaxat
2245 3202 2354 3276 eccle·

590 3303 649 3390 ¹rtis
668 3287 914 3392 iaotlvroefflas,
930 3292 985 3367 sed
1001 3296 1151 3367 Chriilus
1168 3296 1234 3364 ltoc
1253 3293 1330 3364 loco
1341 3314 1459 3392 negat,
1493 3292 1547 3373 sn,
1610 3301 1646 3383 3)
1666 3297 1718 3365 Sic
1743 3318 1827 3393 ergo
1847 3298 2075 3370 concludimus
2094 3324 2103 3369 s
2130 3311 2232 3372 omne
2258 3296 2277 3370 [
2295 3306 2355 3373 iri·

599 3391 851 3485 adorationem,
877 3392 1196 3495 praecipuamcultus
1218 3393 1322 3462 divini
1344 3397 1379 3463 in
1406 3419 1459 3464 ec·
1494 3391 1582 3463 tuale
1611 3392 1656 3462 cil
1680 3390 1851 3465 invilibila.
1916 3397 2059 3468 Ecclel'ta
2081 3395 2127 3466 eil
2151 3401 2230 3470 Sion
2257 3326 2355 3494 illiri-

599 3491 696 3567 clelia
709 3516 857 3593 partem,
874 3490 937 3565 effe
954 3511 1047 3564 certo
1065 3492 1143 3563 loco
1160 3489 1356 3586 adligatam,
1375 3514 1461 3589 ergo
1495 3490 1620 3561 ritualia
1648 3495 1682 3562 dt
1704 3495 1815 3563 civitas
1835 3490 2019 3589 spiritualis.
2049 3498 2144 3593 Ergo
2171 3495 2353 3573 invisibilis.

602 3616 723 3691 negat,
750 3593 920 3665 scelestam
937 3588 1000 3664 ede
1018 3591 1099 3663 loco
1116 3585 1309 3684 adligatam,
1327 3593 1391 3678 jam
1406 3616 1459 3660 ve·
1498 3597 1535 3674 4)
1549 3592 1602 3659 Eo
1621 3583 1692 3684 ipso
1714 3613 1848 3688 quoqne
1868 3592 2155 3692 qnando-tecleda
2181 3619 2258 3665 nov.
2277 3595 2352 3673 tell.

505 3757 510 3766 .
599 3695 641 3762 r'o
678 3691 795 3763 eadem
832 3691 878 3763 cil
902 3695 988 3761 ratio
1029 3690 1213 3765 locorum,
1245 3706 1458 3783 temporum,
1497 3688 1591 3756 Sinni
1612 3688 1781 3782 corporali
1810 3697 1844 3760 dt
1870 3688 2115 3782 Hierosolyma
2132 3715 2272 3780 terrene
2290 3719 2355 3793 op·

598 3783 815 3888 personarum
839 3790 1098 3887 &reliquarum
1122 3784 1463 3874 circttmllantiarutn,
1498 3793 1650 3879 punitur,
1675 3783 1844 3857 ntaniietle
1860 3789 2061 3874 ostenditur,
2085 3789 2255 3862 ecclesiam
2272 3818 2351 3868 nov.

451 3935 454 3940 ·
598 3889 740 3986 proinde
761 3908 795 3960 ut
824 3885 959 3959 ecclelia
982 3910 1061 3958 nov.
1083 3883 1151 3956 teil.
1172 3907 1242 3955 noo
1256 3884 1300 3952 eil
1320 3883 1462 3983 adligata
1496 3881 1565 3954 teli.
1580 3885 1797 3980 nonatuplius
1812 3890 1855 3954 ita
1872 3884 1933 3956 ciis
1949 3886 2027 3956 loco
2041 3887 2229 3982 adligatam,
2242 3895 2276 3959 in
2286 3916 2353 3963 una

600 4006 696 4058 certo
711 3987 809 4075 loco,
834 3993 877 4058 ita
897 4010 1031 4084 quoque
1050 4008 1119 4054 non
1135 3983 1180 4055 eil
1197 3980 1338 4078 adligata
1362 3992 1459 4056 cartis
1494 3987 1634 4078 regione
1651 3978 1862 4071 conclusam,
1884 3993 1917 4057 dt
1940 4006 2075 4081 propter
2097 4003 2250 4057 externos
2271 3993 2354 4060 rim.

600 4088 832 4185 temporibus,
852 4073 960 4156 'certis
986 4078 1159 4180 parionis,
1188 4100 1287 4152 csrtae
1312 4086 1460 4169 nationi,
1492 4106 1534 4150 ac
1547 4086 1752 4151 ceremonias
1768 4086 1812 4151 ita
1829 4081 2008 4168 visibilem,
2036 4081 2112 4153 licut
2132 4081 2196 4154 suit
2216 4083 2354 4158 ecclelia

600 4205 695 4259 certo
712 4184 860 4282 popolo,
878 4189 914 4256 a
928 4206 988 4276 per
1005 4177 1208 4278 consequeus
1222 4204 1289 4252 noo
1303 4179 1347 4269 eli
1366 4196 1462 4254 caetas
1496 4176 1680 4249 taliamenti
1698 4183 1840 4262 veteris,
1860 4174 1913 4252 sed
1939 4175 2002 4251 eil'e
2021 4204 2037 4248 a
2063 4187 2264 4254 cerernoniin
2287 4183 2353 4257 {1113

600 4286 648 4357 ita
667 4287 800 4387 uistlrilis
816 4307 856 4355 at
870 4278 1045 4377 palpabilis
1064 4334 1075 4369 ,
1101 4292 1139 4351 at
1162 4280 1207 4372 est
1225 4282 1371 4374 populus
1395 4285 1462 4354 Ro.
1499 4274 1658 4372 legalibus
1675 4278 1811 4347 liberans
1826 4283 1857 4349 dt
1874 4284 1907 4347 in
1924 4299 1996 4350 toto
2018 4280 2099 4371 orbe
2115 4300 2351 4375 propnigeum,

600 4407 716 4457 mantas
731 4382 806 4461 &a
1498 4378 1647 4469 quatuvis
1666 4375 1706 4443 de
1726 4378 1786 4444 ltac
1803 4375 1943 4448 ecclelia
1960 4377 2130 4448 catholica
2151 4374 2353 4451 invifibilita.

902 4477 1093 4568 i-LXlllV.
1120 4476 1183 4566 lV)
1197 4476 1388 4550 Helnxtt.
1405 4503 1460 4549 22.
1497 4495 1531 4543 te
1548 4476 1683 4572 proprie
1704 4475 1769 4542 boc
1789 4474 1866 4545 loco
1883 4499 1951 4546 noo
1971 4499 2116 4572 agamus.

600 4653 631 4687 η
660 4628 798 4707 “affl-sm
849 4578 1023 4675 Acreffislis
1040 4579 1236 4647 adnomen
1253 4575 1461 4662 Sinniomt
2008 4589 2011 4596 ·

601 4670 773 4770 ,immam
848 4681 1009 4751 ciuitatem
1046 4675 1111 4749 Dei
1138 4676 1274 4745 viventis
1298 4672 1368 4759 &a
1403 4674 1460 4743 nbi
1553 4667 1585 4764 §,
1612 4667 1742 4737 LXXV.
1802 4668 1847 4755 V)
1877 4671 1982 4740 riett
2002 4670 2042 4743 ll.
2070 4696 2101 4753 ς.

601 4791 678 4851 Sion·
690 4788 753 4859 dra.
849 4773 984 4849 ecclelia
1005 4791 1143 4842 uocatur
1158 4796 1256 4841 tuom
1268 4770 1347 4840 Sion
1368 4765 1461 4866 spiri·
1500 4777 1538 4840 at
1554 4767 1613 4866 iffi
1635 4779 1789 4861 tanquam
1812 4766 1936 4859 lapides
1951 4773 2020 4840 vivi
2040 4771 2101 4866 sn.
2152 4737 2356 4898 5232*AE

857 4873 963 4949 tualis.
987 4871 1204 4944 Bellarminus
1225 4873 1367 4971 regeritq
1381 4893 1462 4963 opo.
1498 4864 1776 4957 peraedificatrioi
1787 4869 1897 4936 domas
1902 4870 2106 4962 spiritualis,
2158 4837 2355 4979 pumma„

594 4972 718 5070 stolum
735 4994 794 5065 per
816 4986 953 5043 montem
972 4975 1078 5043 Sionis
1097 4967 1142 5040 &f
1157 4970 1315 5038 cinttmrm
1337 4972 1463 5041 Dtivi·
1490 4963 1712 5057 sacerdotium
1734 4963 1898 5053 sanium,
1933 4967 2108 5064 offerentes
2156 4983 2342 5071 aiuifupere.

605 5075 710 5144 acatis
733 5095 799 5143 aaa
829 5070 1176 5168 intelligrretctltiata
1196 5065 1465 5161 militantemsm
1501 5059 1819 5156 bostinsspiritooles
1839 5073 1920 5138 Deo.
1973 5074 2013 5134 tit
2034 5069 2102 5135 haec
2156 5055 2328 5156 dfistttt'm'·

603 5168 874 5266 triumphantem,
899 5195 984 5268 qaae
1011 5195 1052 5250 es
1069 5170 1171 5240 lentis
1184 5167 1366 5266 spiritibus
1387 5189 1464 5243 corr
1501 5158 1839 5240 domusslleccleliu.
1891 5163 2110 5235 Bellarminns
2161 5137 2337 5286 fumi*

2013 5285 2110 5363 rega·
