5442 6225
800 533 877 616 AN
899 524 1176 613 EchEsta
1200 531 1397 613 Possm*
1427 534 1738 618 naricam
2078 576 2158 659 rep.

368 720 563 801 haresee&
600 714 1114 817 erlecutioneepuritatemverbi
1135 714 1240 788 divini
1274 720 1311 789 in
1328 716 1435 791 oeulis
1458 719 1527 792 Dei
1548 722 1687 808 amittit,
1713 714 1770 805 sed
1788 724 2000 820 particulare,
2015 727 2064 805 ’ᾱ
2091 738 2145 807 vi.

374 829 543 922 teinporie
585 816 698 893 ecursu
712 815 833 918 expelli
850 823 883 889 bt
898 815 1025 889 aboleri
1043 809 1156 909 possea
1184 828 1248 886 ne:
1273 813 1381 886 libiles
1400 814 1543 889 ecclesiae
1573 842 1616 888 eo
1637 819 1741 891 inodo
1759 846 1796 893 ac
1820 819 1911 895 sensu
1930 851 1972 896 eo
1995 826 2142 905 delicere

375 946 442 1091 ‘li‘
463 927 556 1091 illl
582 918 643 991 ⁰¹¹³
666 915 1063 1085 ²¹¹·0i‘01’2l‘0‘t'mt
1066 911 1239 1081 llis?
1273 909 1786 1088 llll’illlblisslll
1808 920 1926 1089 quipe
1952 945 2055 1091 ‘il'
2079 953 2161 1029 ¹²¹¹
2286 958 2292 966 ’

377 1045 526 1190 teuanaco
543 1037 1033 1206 lllfllllllllilhlulldquaquam
1084 1034 1240 1181 obprioilia.
1275 1131 1343 1204 quo
1355 1065 1487 1204 publice
1509 1135 1547 1181 ac
1571 1110 1675 1182 libere
1695 1107 1791 1186 sonet
1811 1045 2139 1212 plilrllaovllllllg
2218 1086 2232 1127 l

379 1219 542 1318 Quiritis
557 1238 639 1284 vero
657 1215 727 1282 haec
749 1216 782 1282 dt
800 1207 855 1278 illa
877 1204 1080 1303 particularia
1106 1203 1240 1276 ecclesia
1277 1213 1386 1303 vigeat
1409 1206 1575 1304 legitimus
1590 1204 1662 1280 ulus
1678 1205 1987 1295 sacramentorum,
2020 1219 2074 1295 sed
2092 1226 2141 1321 pii

379 1315 541 1390 deficiat,
568 1333 679 1384 tatuen
698 1306 831 1379 eeclesia
857 1302 1005 1376 absolute
1029 1309 1064 1376 dt
1084 1300 1242 1400 simplici·
1276 1298 1481 1378 consessores
1501 1307 1699 1405 quandoque
1718 1307 1893 1409 fugantur,
1906 1313 2138 1408 expelluntur,

372 1432 431 1485 ter
448 1411 622 1508 loquendo
653 1429 822 1504 nunquam
846 1400 985 1488 deficit,'
1005 1407 1081 1499 quia
1111 1400 1242 1499 colligit
1278 1399 1402 1471 latitant
1426 1408 1460 1473 in
1482 1412 1657 1482 cavernis,
1683 1414 1716 1480 dt
1738 1408 2011 1497 invalescentibus
2029 1416 2142 1515 perse.

377 1511 438 1584 bet
458 1512 550 1583 Deus
570 1526 732 1608 perpetuo
745 1504 916 1577 ecclafiam
931 1526 971 1572 ex
986 1522 1110 1596 genere
1126 1500 1244 1569 huiua-
1275 1498 1464 1573 cutionibur
1491 1527 1527 1572 ac
1557 1505 1756 1600 corruptelis
1779 1508 1941 1582 doilrinae
1971 1538 2042 1585 non
2069 1529 2144 1591 arnt

377 1636 425 1682 no
443 1610 603 1706 usquead
621 1608 722 1676 linem
739 1603 875 1684 mundi,
900 1596 1011 1670 linon
1030 1601 1065 1667 iu
1087 1597 1174 1681 hoc,
1195 1615 1242 1669 ta·
1274 1596 1361 1694 plius
1383 1597 1497 1671 locum
1523 1601 1621 1675 habet
1638 1602 1809 1701 publicum
1843 1615 1877 1682 dt
1906 1617 2139 1710 incorruptum

379 1733 460 1780 men
481 1713 518 1778 in
538 1706 606 1778 elio
626 1701 768 1800 populo.
807 1704 898 1787 lli)
922 1697 1092 1795 Negamus
1121 1698 1243 1791 igitur,
1278 1697 1372 1766 verbi
1401 1697 1621 1770 ministerium
1647 1709 1681 1772 in
1706 1701 1825 1775 rissbili
1852 1705 1996 1781 ecclesia.
2047 1714 2139 1788 Pon.

377 1804 553 1878 ecclesiam
571 1802 611 1877 ad
630 1820 753 1873 certam
767 1793 1061 1895 quandamledem
1079 1793 1244 1863 eomodo
1276 1792 1371 1864 tificii
1388 1812 1509 1866 contra·
1524 1796 1686 1877 liatuunt,
1710 1799 1863 1901 eeclesiam
1882 1803 1942 1903 mse
1958 1821 2074 1891 caten,
2089 1816 2139 1889 ila
2287 1850 2293 1860 ,,

377 1906 559 2000 adligatam
575 1897 657 1985 eisc,
668 1917 704 1970 ut
719 1899 752 1970 in
765 1896 821 1967 illa
840 1912 998 2063 perpetua
1014 1888 1155 1991 quadam
1173 1884 1246 1963 suc·
1278 1895 1429 1990 aiſsbileni
1444 1920 1481 1965 ae
1495 1894 1707 1990 palpabilem,
1733 1912 1771 1972 ret
1787 1901 1828 1994 eli
1844 1903 1990 1998 populas
2014 1912 2136 1984 Rama·

377 1998 525 2074 cessione
552 1996 669 2072 visibili
697 1993 875 2092 splendore
909 2012 934 2064 tt
961 1992 1135 2075 duratura,
1160 1985 1242 2061 ficui
1275 2016 1365 2077 nat,
1391 1989 1441 2070 ael
1462 2017 1598 2093 regnan
1618 2000 1770 2079 Galliae,
1796 1999 1847 2073 ael
1867 2011 2044 2097 respublica
2063 2015 2137 2087 Ve-

377 2095 558 2171 adaersarii
589 2097 803 2170 delioinana
831 2090 966 2165 ecclelia
991 2093 1125 2170 dicunt,
1148 2087 1241 2185 quod
1275 2104 1446 2166 netarum,
1469 2117 1542 2188 quae
1563 2090 1634 2164 lunt
1660 2096 1759 2166 verba
1785 2097 1978 2178 Bellarinini
2002 2106 2059 2181 lib.
2077 2111 2135 2184 lll.

376 2198 527 2272 litaniae
546 2199 602 2270 illa
619 2196 779 2270 culbalica
795 2195 945 2290 eeclesia,
972 2191 1007 2262 in
1022 2194 1088 2285 'qua
1101 2187 1242 2282 stipan-
1276 2187 1319 2259 de
1339 2186 1454 2261 eccles.
1473 2215 1503 2266 c.
1519 2216 1551 2263 a.
1611 2192 1657 2261 Ut
1672 2217 1756 2290 ergo
1769 2189 1926 2290 splendor
1941 2211 1974 2278 bt
1989 2205 2139 2296 tnajellaa

377 2300 462 2392 tifex
489 2297 613 2391 Cbristi
634 2297 778 2367 vicarius
799 2290 848 2365 ΕΤ
862 2289 1024 2387 faccmsar
1043 2288 1164 2368 Petri,
1188 2288 1241 2355 citi
1274 2285 1415 2375 illorum
1434 2310 1619 2383 regnorum
1636 2312 1673 2358 ac
1691 2294 2012 2388 rerumpublicarum
2030 2304 2137 2378 oculia

376 2419 491 2470 amnes
506 2398 638 2469 obedire
650 2405 820 2487 oporteat,
846 2391 882 2462 in
902 2413 968 2490 qna
979 2383 1055 2477 sala
1071 2393 1241 2479 perpetua
1274 2384 1428 2453 humanis
1444 2400 1605 2479 perpetuo
1621 2384 1666 2456 eil
1680 2389 1800 2464 obvia:
1823 2396 1866 2461 ita
1879 2397 2063 2472 anilliinant
2079 2428 2137 2475 ec-

378 2493 428 2570 &
442 2521 512 2568 aon
533 2501 718 2587 interrupta
725 2490 922 2583 pontificem
936 2486 1245 2579 sacctffianeasqae
1277 2479 1381 2551 clasiae
1397 2476 1610 2578 splendorem
1636 2504 1810 2557 externum
1835 2487 1899 2563 effe
1922 2493 2033 2570 eidem
2056 2523 2135 2599 peu-

378 2592 662 2689 edliaeeletnpore
675 2581 1160 2680 dalleinaeealefiirveritasfii
1173 2602 1246 2652 eon·
1276 2599 1424 2675 petitum.
1489 2577 1704 2676 Utmajellae
1726 2582 1864 2658 illarum
1891 2615 2076 2690 regnotum
2098 2606 2136 2676 dt

367 2691 534 2788 firnata,
562 2717 646 2788 qaae
665 2702 832 2763 externam
852 2689 1051 2781 splendorem
1076 2680 1244 2764 babuerit,
1274 2674 1596 2774 rerumpublicarum
1615 2679 1758 2752 consillit
1774 2688 1809 2754 iu
1822 2706 1955 2760 externa
1975 2701 2133 2789 potentia,

379 2791 427 2867 Es
446 2781 599 2864 babitare
602 2794 653 2890 fit
664 2802 880 2885 perpetuam,
907 2789 952 2858 ita
973 2795 1011 2855 ut
1031 2783 1072 2853 ab
1095 2780 1241 2852 amnibus
1276 2780 1309 2846 in
1321 2776 1541 2872 amplitudine
1558 2783 1828 2874 provinciarum,
1843 2788 2132 2867 indivitiiesubdi-
2209 2816 2212 2822 ·

378 2894 485 2965 „idm
497 2888 666 2984 pofflt&0.
715 2889 786 2977 IV)
810 2887 883 2959 Nee
909 2887 995 2955 lianc
1014 2875 1124 2951 solum
1142 2883 1176 2950 ἁ
1201 2873 1241 2944 il·
1274 2891 1388 2944 turum
1405 2926 1415 2958 ‚
1434 2877 1468 2943 in
1485 2873 1721 2974 tranquillitate
1735 2879 1868 2977 politica
1885 2891 1950 2963 dte.
1968 2887 2014 2963 sic
2026 2893 2132 2965 eccle.

377 2992 447 3061 lain
460 2988 694 3088 particularem
712 2982 902 3068 ecclefiarn,
918 2977 974 3059 sed
992 3002 1110 3051 otnnee
1125 2972 1240 3047 omni·
1272 2969 2134 3080 siamputantinlucceistoneexternapontilicutmiu
2180 3021 2183 3027 ·
2205 3006 2209 3013 '

377 3111 425 3160 no
444 3085 658 3185 particulares
685 3080 864 3173 ecclesus,
892 3079 1044 3178 adeoque
1064 3092 1168 3148 totam
1192 3076 1240 3142 ai·
1271 3068 1492 3170 amplitudine
1509 3068 1687 3161 locorum,
1712 3078 1748 3146 iu
1774 3084 1952 3178 temporali
1972 3084 2134 3164 felicitate

375 3185 509 3260 flbilem
524 3183 693 3257 ecelefiani
716 3179 803 3254 nube
824 3178 1118 3277 corruptelarum,
1144 3192 1241 3243 erro-
1271 3165 1459 3260 consillere.
1517 3169 1806 3259 V1)Noeauteiu
1830 3198 2002 3255 externum
2035 3186 2134 3261 illem

377 3309 481 3373 ram,
516 3277 747 3354 scandalorum
771 3333 782 3365 ‚
813 3279 1006 3364 haeresium,
1040 3268 1240 3369 persecutio·
1272 3261 1485 3357 splendorem
1504 3265 1645 3337 ecclesiae
1666 3289 1862 3368 perpetuum
1879 3275 1943 3350 elle
1960 3307 2133 3380 negamur,

376 3408 459 3455 auin
481 3386 547 3453 dte.
571 3376 759 3464 obscurari,
776 3382 877 3473 itique
892 3403 970 3446 eum
994 3374 1110 3443 ilatum
1133 3364 1240 3463 redigi
1273 3385 1310 3433 ac
1326 3363 1411 3434 duos
1427 3361 1570 3434 ecclefiae
1592 3364 1688 3437 ssatus
1710 3368 1844 3443 alternis
1868 3374 1995 3449 vicibus
2020 3406 2133 3454 recur-

376 3473 644 3577 poss'e'dicimus‚
666 3494 703 3548 ut
719 3470 877 3574 splendor
897 3480 931 3546 dt
952 3472 1080 3543 elarini
1102 3473 1239 3556 ejueex·
1271 3481 1380 3533 rentes
1402 3459 1578 3534 statuimus.
1614 3465 1909 3563 Quemadmodum
1923 3482 2013 3550 enini
2028 3481 2134 3556 Chri-

377 3584 485 3650 terior
498 3573 652 3661 deficiat,
674 3598 736 3646 nee
756 3568 893 3668 supersit
909 3569 1040 3643 illullrie
1063 3564 1180 3662 aliquia
1202 3568 1237 3635 ἀ
1270 3558 1334 3631 llus
1348 3558 1491 3632 ecclesiae
1507 3579 1605 3657 caput
1619 3560 1991 3670 secuudum-duplicem
2012 3578 2131 3655 ilatum

377 3672 574 3771 conspicuus
596 3695 720 3759 coetus,
771 3673 804 3742 ui
826 3693 912 3765 puro
935 3668 1033 3755 verbi
1051 3660 1237 3735 ministerio
1270 3662 1511 3734 exinanitionis
1534 3661 1578 3747 Εῇ
1601 3664 1814 3737 exaltationis
1834 3664 2056 3763 ἓλωττώσιως
2072 3680 2129 3777 υ)

377 3772 514 3871 publice
528 3765 664 3843 sonante
681 3698 847 3867 gauleat3
875 3770 1008 3839 interim
1024 3784 1134 3837 tamen
1153 3755 1237 3831 seni·
1271 3744 1519 3861 ὁπερνψώσιως
1548 3757 1790 3850 consideratur,
1825 3772 1860 3838 in
1889 3769 1952 3844 illo
1983 3776 2130 3869 majellae

376 3897 437 3968 per
456 3863 628 3968 supersunt
648 3867 751 3966 aliqui
773 3862 1030 3936 fundamentum
1057 3858 1138 3931 fidei
1162 3863 1239 3928 reti·
1272 3862 1339 3947 cim
1365 3880 1434 3927 non
1461 3856 1637 3952 adparebat
1669 3866 1828 3951 exterius,
1851 3860 1906 3939 sed
1928 3867 2126 3952 infirmitate

377 3988 514 4052 nentes,
532 3991 569 4036 ac
583 3966 675 4038 Deua
688 3971 864 4060 etiam'per
879 3980 1074 4059 corruptum
1092 3956 1249 4032 minille-.
1272 3958 1378 4025 carnis
1398 3949 1568 4026 videbatur
1590 3956 1690 4048 tella',
1717 3962 1751 4029 in
1773 3962 1834 4031 lioc
1855 3990 1939 4038 vero
1967 3970 2075 4065 gloria
2096 3981 2133 4052 bc
2284 4013 2295 4048 l

375 4073 466 4140 pium
484 4063 572 4135 filio,
590 4072 624 4137 bt
654 4064 738 4136 filim
757 4063 797 4134 ad
820 4060 1021 4138 catholicam
1042 4051 1239 4128 invisibilem
1272 4051 1420 4149 iii'ajellas
1436 4054 1505 4146 ejus
1530 4050 1627 4146 plena
1645 4054 1719 4128 luce
1735 4056 1903 4157 refulgere
1928 4069 1972 4136 ita
1994 4094 2063 4166 quo
2079 4073 2132 4145 'ue

376 4162 549 4238 “denam
565 4167 767 4258 pertinentes
790 4178 937 4258 generat·
988 4160 1034 4245 v)
1058 4151 1240 4248 Distingui.
1271 4156 1306 4221 in
1325 4175 1469 4248 corpore
1481 4149 1604 4222 Clarilli
1620 4152 1782 4245 mystico,
1807 4162 1898 4258 quod
1917 4161 1961 4234 ell
1976 4096 2130 4253 ecclelia,

376 4289 451 4337 mu,
463 4285 549 4359 ,rgo
562 4263 649 4331 inice
663 4254 875 4358 splendorem
888 4253 1032 4327 ecclesia
1049 4255 1238 4331 internam,
1272 4248 1389 4341 itidem
1406 4253 1441 4320 hi
1454 4249 1530 4348 ¹duo
1546 4246 1642 4354 liatue
1664 4246 1831 4340 observari
1860 4253 1992 4357 polluat
2009 4286 2019 4339 ε
2043 4266 2128 4341 alter

422 4357 597 4435 iin'fides
624 4354 699 4456 spe,
725 4350 859 4429 entitat'e
882 4360 916 4425 bc
940 4356 1079 4426 internis
1098 4351 1238 4446 Spiritui
1271 4347 1533 4450 exinanitionis,·
1553 4342 1620 4419 sive
1637 4350 1893 4444 humiliationu,
1916 4361 2049 4457 quaudo
2074 4365 2131 4441 vel

373 4386 476 4533 Elicii
491 4456 590 4529 donia
611 4452 773 4548 conlillit;
788 4460 823 4527 da
838 4462 1027 4535 externam,
1044 4451 1102 4548 qui
1122 4451 1156 4517 in
1170 4443 1238 4517 fre·
1271 4440 1520 4545 persecutorum
1536 4452 1705 4539 potentia,
1723 4450 1775 4520 uel
1792 4454 2026 4534 haereticorum
2046 4461 2131 4538 allu-

375 4560 511 4656 queniia
524 4558 730 4631 hominum,
747 4547 984 4650 tranquillitate
1003 4541 1236 4646 apersecutio·
1269 4551 1335 4633 tia,
1348 4542 1402 4613 ael
1422 4540 1652 4616 scandalorum
1676 4545 1947 4629 invalescentiuin
1972 4557 2131 4661 frequen·

374 4653 663 4733 nibua,'claritate
688 4658 721 4725 bt
750 4656 891 4748 puritate
917 4639 1236 4740 deditione-publice
1269 4645 1313 4715 tia
1337 4648 1528 4737 premittit;
1561 4639 1645 4713 alter
1678 4644 1883 4723 exaltationis
1907 4652 1973 4727 siae
1999 4659 2176 4756 glorari-H

372 4751 540 4839 sonantia,
556 4749 739 4823 minillerio
755 4749 848 4819 verbi
861 4751 1058 4843 incorrupto
1075 4750 1138 4815 bac.
1157 4762 1238 4809 con.
1269 4742 1429 4825 cationis,
1454 4740 1587 4838 quando
1606 4746 1783 4838 tranquilla
1796 4743 1965 4826 sacrorum
1984 4757 2131 4831 admini-

373 4852 462 4927 fissit.
483 4933 491 4940 ,
514 4852 667 4925 latemur
680 4844 822 4919 eeclesiae
838 4840 992 4941 splendor
1002 4841 1051 4916 est
1069 4841 1119 4913 illi
1140 4834 1237 4935 effen
1272 4838 1428 4910 litatione
1449 4835 1590 4917 fruitur3
1618 4843 1802 4939 incorrupti
1824 4849 1999 4923 ministerii
2020 4849 2130 4951 splen.

372 4949 464 5026 tialit
485 4955 520 5025 bt
539 4965 733 5046 perpetuae,
757 4963 913 5015 externus
936 4965 1019 5014 aero
1034 4937 1237 5013 accidentalis
1273 4935 1358 5009 dore
1379 4931 1507 5036 faigm
1530 4941 1565 5011 bt
1581 4942 1780 5039 quietopuri
1798 4944 1902 5017 cultus
1918 4947 2023 5023 diuini
2036 4977 2130 5029 exer·

372 5058 408 5126 α
431 5045 643 5146 temporalia.
692 5040 849 5114 Ecclefia
869 5039 1035 5113 catholica
1069 5033 1239 5109 invisibilia
1274 5038 1357 5108 citio
1378 5034 1512 5129 publice
1529 5029 1689 5109 coruscat.
1740 5041 1867 5130 *luhoc
1893 5044 1973 5119 llatu
1994 5050 2131 5127 ecclelia

372 5170 546 5249 „unquam
575 5139 711 5223 deficit,
738 5164 801 5217 uec
822 5146 994 5242 internum
1026 5135 1240 5240 splendorem
1275 5131 1490 5303 essgibbilie,
1505 5153 1618 5235 patena
1634 5140 1668 5210 ἃ
1680 5135 1845 5237 gloriosa:
1868 5146 2029 5225 inaltero
2046 5166 2130 5225 vero

1381 5255 1401 5314 ³
1516 5280 1523 5294 ·
1886 5323 1892 5336 ,
2075 5247 2136 5327 'eil
