5442 6225
656 522 791 641 seer.
818 523 844 599 r.
885 489 954 596 'nu
978 514 1151 599 uon-nu
1177 511 1504 594 en'rnonount
1525 516 1603 593 sir
1627 516 1768 598 nora
1790 490 2052 602 necarunt
2155 471 2266 620 21'7'¹

458 702 963 809 abaposieiieeomprebntum.
1012 691 1169 772 Paeianus
1191 695 1282 797 episi.
1303 698 1329 774 1.
1364 697 1418 796 τῷ
1433 693 1579 794 κόσμῳ,
1610 702 1728 778 XXVI.
1755 730 1808 785 η,
1827 702 1869 790 n’t
1891 699 1973 780 stov
1993 682 2054 781 τῆ
2073 702 2227 796 κόσμον,

459 813 501 884 ad
516 813 699 907 Sempron.
725 804 894 879 Lindanuc
914 800 989 873 libr.
1009 798 1068 872 lll.
1091 798 1227 897 panopi.
1251 824 1280 889 e.
1297 818 1332 877 a.
1366 797 1478 872 Mure.
1494 801 1582 871 Xlil.
1600 828 1632 882 9·
1654 803 1732 875 inde
1750 804 1921 879 ecclesia„
1941 830 2021 884 nov,
2040 805 2109 879 test,
2127 827 2228 876 voc..

459 909 659 983 Exiliimaitt
675 912 778 1004 igitur
792 910 826 974 in
842 899 999 996 symbolo
1018 892 1330 996 apostolorumsen·
1364 917 1441 969 runt
1455 900 1664 979 catholicam,
1691 907 1768 1009 quia
1783 899 1908 989 seilicet
1924 901 1992 977 line
2017 900 2227 1001 respesiuae

460 1005 532 1082 sunt
563 1009 717 1079 verbine
740 1001 846 1075 stritile
869 999 1041 1100 quidpiam
1069 993 1167 1070 fuiss'e
1183 1052 1193 1086 ,
1212 1016 1329 1095 utpote
1365 993 1556 1069 discrimine
1576 996 1758 1088 iocorum,
1794 1008 1990 1090 nationum,¹
2016 1005 2227 1102 linguarum,

463 1107 587 1208 scelesta
611 1115 789 1202 protelem
812 1109 967 1173 mendam
991 1096 1157 1194 dfitersa,
1182 1115 1219 1168 ut
1248 1097 1331 1194 legit
1364 1093 1569 1193 populorum
1594 1102 1628 1170 dt
1651 1096 1866 1198 personarum
1885 1129 1925 1174 ex
1941 1103 2096 1175 omnibus
2115 1103 2228 1175 honri-

460 1210 605 1301 lmnaeus
619 1206 676 1277 lib.
688 1207 712 1278 i.
730 1227 801 1300 cap.
824 1198 1069 1298 3.poli,eaveto
1086 1199 1330 1291 brevius&err·
1364 1220 1445 1265 num
1468 1196 1645 1293 gyteribus
1673 1206 1709 1271 in
1738 1197 1893 1274 universe
1929 1203 2012 1273 orbe
2040 1200 2225 1296 colligitur.

461 1307 626 1405 planarios
644 1301 866 1374 adosiotibus
879 1299 1078 1397 grecie(*),
1097 1296 1150 1369 vei
1167 1290 1328 1368 certelinss
1364 1292 1658 1392 Qeutndmodum
1685 1303 1775 1372 euitu
1794 1301 1940 1396 epiliolae
1948 1301 2053 1389 Petri,
2070 1302 2228 1398 johannis
2246 1312 2256 1323 “

462 1424 533 1502 miae
547 1428 665 1504 grace
685 1405 797 1497 gnaris
815 1396 882 1468 diei
904 1415 1050 1494 coeptum
1065 1395 1200 1468 ecelesia
1218 1394 1326 1467 calbo·
1343 1399 1396 1465 .&
1410 1392 1543 1479 iacobi,
1571 1401 1646 1490 quis
1668 1423 1737 1468 non
1757 1394 1920 1497 inscriptae
1942 1396 2014 1471 ium
2042 1405 2139 1472 certia
2153 1403 2228 1494 qui·
2342 1404 2351 1411 “

461 1509 542 1592 iica3
569 1508 735 1574 incertum
751 1517 864 1569 tamen
882 1491 968 1584 elie,
995 1512 1065 1592 quo
1089 1514 1263 1590 tempore,
1293 1498 1327 1567 dt
1363 1491 1502 1563 busdam
1533 1488 1681 1589 personis
1709 1496 1763 1568 vel
1784 1499 2035 1593 particularibus
2057 1497 2228 1581 ecelesiis,

463 1629 544 1676 num
577 1619 653 1672 ante
678 1599 849 1668 Nieaenem
866 1590 1033 1686 synodum
1067 1588 1225 1686 symbolo
1248 1615 1328 1688 apo·
1363 1614 1424 1661 nec
1440 1589 1573 1664 additur
1591 1592 1656 1663 iliis
1671 1617 1801 1667 nomen
1815 1602 1963 1695 regionis
1991 1596 2043 1668 vei
2064 1600 2227 1693 civitatis»

460 1694 580 1773 llolleo
593 1701 662 1771 lroe
677 1700 803 1768 nomen
815 1692 854 1764 sit
867 1689 1036 1764 insertum.
1055 1691 1133 1788 (⁴³³)
1182 1691 1246 1762 Sed
1257 1713 1327 1761 neu
1361 1688 1516 1785 adquam
1537 1696 1570 1762 in
1586 1686 1694 1787 speeie
1713 1691 1775 1767 lint
1789 1695 1942 1782 diresin,
1971 1691 2026 1767 sed
2048 1700 2081 1766 in
2102 1718 2228 1793 genere

461 1800 655 1882 abnuimus,
687 1796 727 1865 ab
748 1793 823 1890 ipsis
840 1791 998 1890 apostolis
1022 1795 1107 1862 hane
1132 1787 1328 1887 adpellatie-
1362 1788 1518 1859 omnibns
1542 1790 1728 1863 ebrissianie
1758 1790 1831 1866 sunt
1865 1790 2044 1892 inscripta,
2071 1799 2227 1866 dicuntur

462 1922 541 1970 nem
565 1891 630 1967 else
646 1892 852 1990 profetiam,
879 1915 957 1961 enm
975 1896 1119 1961 euimex
1138 1903 1198 1960 ore
1219 1893 1325 1984 magi·
1361 1883 1535 1960 catholicos
1564 1884 1619 1961 seu
1647 1889 1869 1985 universalem
1894 1899 1937 1964 ita
1963 1919 2098 1991 qunque
2122 1891 2230 1963 ecele-

463 1996 516 2068 liri
533 1994 708 2076 audirent,
731 1989 901 2062 ecelesiam
919 1993 953 2058 in
976 2013 1067 2059 novo
1081 1988 1150 2058 teli.
1171 2010 1241 2057 non
1256 2010 1327 2058 am·
1358 1984 1439 2056 sram
1454 2011 1532 2059 nov.
1552 1988 1620 2059 tell.
1636 1995 1713 2097 quin
1730 2015 1799 2061 non
1816 2017 1857 2063 ex
1876 1991 2066 2088 particulari
2085 1990 2228 2088 quadrua

462 2097 549 2196 plius
566 2119 601 2165 ur
621 2096 657 2161 in
676 2095 779 2161 veteri
793 2087 935 2187 angulis
950 2087 1069 2170 iudae
1090 2085 1254 2157 limitibus
1271 2081 1326 2154 fo·
1358 2102 1459 2182 geute
1478 2085 1532 2159 vel
1558 2092 1717 2165 natione,
1746 2083 1801 2158 sed
1826 2115 1868 2160 ex
1897 2091 2052 2161 omnibns
2076 2091 2230 2186 gentibus

463 2216 502 2267 ce
534 2185 722 2267 inclusam,
755 2183 810 2259 sed
842 2186 1053 2284 evangelium
1077 2181 1326 2282 predicandum
1360 2189 1397 2254 in
1417 2178 1572 2255 universo
1594 2187 1676 2257 orbe
1691 2187 1873 2283 colligitur
1893 2243 1904 2276 ,
1928 2209 2090 2261 vocarunt
2120 2191 2229 2262 calbo·
2292 2202 2294 2208 '

465 2290 530 2368 ess'e
547 2287 577 2367 iv
594 2284 658 2386 ὅλῃ
675 2288 718 2386 τῇ
738 2279 912 2383 e’taepeitp,
936 2284 1189 2360 Mastusiam.
1209 2274 1328 2376 ἐν’όλῳ
1363 2279 1456 2356 iicon
1476 2278 1781 2365 seuuniversaietn.
2084 2384 2107 2479 δ
2155 2383 2215 2457 CL
2318 2296 2321 2301 '

467 2612 472 2620 .
548 2565 611 2621 ciem
626 2561 693 2617 illud
704 2561 734 2614 ab
748 2558 811 2628 lpse
824 2554 1041 2625 apostoliasullset
1052 2554 1233 2624 compostum.
1253 2557 1332 2612 Prae·

552 2643 751 2702 remittimus,
771 2638 908 2699 brevitatis
923 2638 1025 2706 studio,
1045 2638 1194 2705 complures
1209 2635 1275 2689 alias
1289 2651 1332 2689 ra·

550 2720 661 2791 tiones,
680 2735 747 2789 qnae
761 2718 905 2787 symbolum
921 2715 969 2771 boe
982 2717 1085 2785 abipso
1105 2715 1229 2784 apostolis
1244 2716 1332 2785 prose·

548 2805 618 2859 eum
637 2800 709 2854 haud
726 2800 817 2859 luisse,
835 2797 1007 2867 persuadent,
1019 2812 1085 2867 quas
1100 2795 1286 2849 recensuerunt
1302 2810 1332 2849 ae

548 2883 655 2952 copiose
666 2881 845 2949 exposuerunt
864 2878 1009 2938 Vossius,
1029 2880 1236 2937 hananaeus,
1256 2877 1334 2937 Tasa-

467 3017 477 3025 ,,
554 2980 674 3024 acerne,
695 2960 928 3020 fflrnannrans,
956 2959 1106 3017 stsrus,
1126 2957 1201 3011 San·
1215 2959 1335 3025 [insun-

553 3061 641 3121 ειυς,
661 3043 865 3099 Crrauteaus,
894 3041 1050 3096 Rrvarns,
1079 3039 1332 3096 Davurrnuanua,

553 3125 718 3182 Cauovrua,
740 3121 950 3179 Caurzovtoe.
979 3120 1129 3180 irrentus,
1149 3118 1334 3185 Faaarcrua,

473 3201 476 3212 '
555 3201 904 3263 Bonneus,ii⁷aucn1us
930 3198 1037 3266 aliique.
1074 3197 1149 3251 Licet
1163 3213 1227 3250 vero
1251 3198 1330 3249 hocce

508 3299 514 3310 ‘
552 3284 713 3353 symbolum,
736 3279 752 3332 sr
769 3278 886 3345 ejusdem
900 3272 1036 3347 formem,
1053 3292 1131 3343 quam
1151 3291 1222 3327 nune
1236 3274 1333 3343 babet,

552 3362 741 3430 respiciamus,
761 3359 792 3411 ab
806 3358 867 3427 ipsis
882 3358 1005 3425 apostolis
1024 3356 1093 3408 haud
1113 3354 1190 3406 suerit
1205 3353 1332 3420 compost·

553 3455 629 3505 tum‚
649 3439 715 3495 illud
727 3449 813 3492 nmen
831 3438 933 3491 ratione
948 3432 1069 3489 moceria
1081 3434 1249 3503 apostolicum
1266 3434 1332 3494 esse.

553 3539 633 3577 nemo
649 3520 843 3589 protestantium
857 3527 942 3585 negat
970 3515 1015 3573 Ad
1032 3514 1089 3583 eius
1105 3514 1236 3581 originem
1252 3523 1331 3583 atque
1353 3541 1355 3546 ·

555 3611 666 3657 aetatem
678 3600 747 3670 quod
762 3599 871 3657 attinet,
895 3598 928 3650 de
941 3612 972 3649 ea
989 3596 1107 3651 diversae
1117 3594 1259 3650 admodum
1271 3594 1331 3647 sunt

554 3684 674 3739 vironvm
699 3677 932 3731 eruditillimorum
968 3676 1129 3736 sententiae,
1149 3689 1216 3743 qnae
1238 3673 1331 3728 edisse-

416 3769 417 3774 ’
479 3776 481 3781 ·
555 3764 610 3818 ruit
622 3760 811 3815 celeberrimos
825 3757 973 3824 senensium
990 3758 1144 3821 theologus.
1163 3758 1204 3822 Jo.
1216 3754 1332 3809 Gaoan·

555 3842 722 3902 wasemes
745 3840 773 3891 in
789 3832 987 3891 ittcrodutiione
1007 3835 1039 3891 in
1055 3827 1138 3889 libres
1151 3826 1270 3908 ecciesiae
1285 3848 1334 3888 no·

548 3918 626 3995 Jirae
642 3912 724 3989 syntb
733 3913 799 3971 lices
808 3928 837 3991 p.
851 3929 889 3973 οἱ.
900 3908 976 3991 seqq.
1017 3920 1117 3970 Eorum
1130 3926 1217 3969 tamen
1229 3915 1332 3968 senten-

556 4002 593 4056 tia
614 4001 723 4068 reliquis
741 3998 852 4051 omnine
877 3996 1048 4065 praeferentia
1069 3996 1189 4059 videtur,
1214 3998 1261 4064 qni
1285 3995 1333 4049 lia-

554 4091 647 4143 tnunt,
670 4079 816 4149 symbolum
832 4076 880 4130 boc
902 4076 992 4129 sensim
1018 4075 1159 4143 sensimque
1179 4075 1252 4129 fuisse
1269 4090 1334 4128 eon»

554 4163 711 4218 cinnanum,
731 4160 769 4211 ita
781 4156 908 4224 quidem,
928 4166 958 4209 ut
977 4157 1078 4225 primae
1094 4156 1151 4222 ejus
1176 4156 1263 4209 lineae
1279 4155 1334 4222 jara

554 4241 583 4296 io
603 4238 712 4292 solemni
729 4235 849 4302 baptismi
877 4236 990 4289 sormnla
1016 4252 1031 4287 a
1054 4233 1154 4289 Christe
1178 4236 1336 4304 praeserIpta

452 4341 456 4348 ¹
555 4312 666 4375 Μαηῆ.
680 4310 824 4370 XXVIII.
838 4330 876 4374 19.
893 4315 983 4368 dutiae
995 4314 1107 4376 suerint,
1128 4329 1233 4368 errores
1247 4325 1336 4367 autem

555 4398 765 4456 haereticorum,
786 4405 878 4447 eontra
890 4411 959 4462 quos
976 4393 1127 4462 baptizandi
1141 4401 1220 4448 erant
1240 4393 1336 4448 conlit-

553 4478 670 4536 marisii,
691 4475 829 4528 materiam
846 4474 915 4526 illud
935 4473 1050 4541 augendi
1069 4484 1146 4541 atque
1158 4473 1338 4543 amplificandi
1392 4435 1456 4513 (u)

554 4555 792 4628 suppeditaverint.
833 4556 994 4608 Luculentet
1016 4554 1065 4608 hoe
1085 4555 1265 4620 comprobavit
1287 4554 1338 4607 Ps-

558 4651 633 4693 raus
653 4637 779 4691 Kronios
788 4633 822 4684 in
834 4627 945 4703 historin
951 4624 1071 4705 [proboli
1085 4626 1220 4707 apostolici
1229 4665 1237 4694 ,
1259 4648 1339 4702 quam

503 4705 510 4714 ⁶
553 4735 593 4773 ex
605 4719 696 4781 lingua
713 4713 817 4780 anglica
835 4714 865 4767 ln
890 4715 999 4781 latinam
1023 4713 1170 4781 transtulit,
1187 4728 1217 4766 ae
1236 4710 1340 4782 Lipsiae

557 4792 838 4857 proconnesius
859 4793 1055 4848 Generasnos
1077 4794 1243 4848 Oeeaarns.

466 4920 471 4928 '
497 4921 551 5003 (θ)
572 4918 807 4984 Dotioreesiraeei
823 4918 903 4990 primi
917 4919 1039 4989 suerunt,
1059 4917 1105 4987 qui
1121 4919 1254 4973 ecclesam
1269 4932 1347 4971 veca-

556 5015 621 5061 runt
636 4992 809 5061 corbolicum,
826 5016 893 5070 qirae
905 5015 958 5055 vox
973 5000 1004 5051 ab
1016 4997 1094 5052 initio
1104 4999 1133 5051 in
1149 5001 1265 5069 symbolo
1280 5012 1344 5065 apo·

555 5085 647 5141 liolice
661 5072 733 5133 baud
745 5080 888 5136 exstiterat.
930 5079 1039 5146 Legitur
1056 5087 1145 5132 tamen
1164 5079 1210 5133 illa
1228 5079 1256 5131 in
1275 5076 1345 5161 ¹l'pm-

461 5169 463 5174 '
528 5199 532 5204 -
555 5167 619 5221 bolo
641 5160 764 5214 ecclesiae
785 5160 1057 5234 Hierosolymitauae,
1084 5159 1201 5229 itemque
1225 5161 1345 5216 Alexan·

560 5246 675 5302 ovinae,
697 5256 745 5296 nee
765 5256 820 5293 nen
840 5250 952 5309 utroque
974 5237 1144 5296 Eirenaion
1174 5238 1290 5308 symbolo
1312 5237 1344 5291 in

529 5330 625 5398 sem.
652 5319 710 5391 XI
793 5329 809 5410 j

1445 2532 1641 2631 menmooap.
1652 2547 1736 2614 CXX
1745 2554 1774 2610 tit
1794 2547 1917 2611 CXXII.
1931 2565 2021 2632 paea.
2039 2550 2227 2631 cemlIeper.

1390 2666 1400 2672 .
1444 2632 1564 2691 mimo,
1620 2634 1684 2696 vid.
1710 2636 1862 2702 incarnetur
1887 2640 2077 2694 uiuentem
2102 2630 2231 2711 surrigi·

1445 2706 1526 2771 nilve
1536 2730 1547 2778 ;
1587 2728 1619 2770 oa
1640 2708 1855 2789 antiquitatibus
1878 2709 2080 2789 ecciele'esticit,
2105 2709 2170 2772 libr.
2192 2710 2229 2774 X.

1449 2807 1505 2869 cap.
1561 2833 1572 2856 ,
1590 2795 1666 2858 §.vn
1678 2804 1706 2868 p.
1723 2807 1773 2848 tot.
1794 2790 1896 2850 volum.
1913 2791 1965 2857 lV.
1983 2801 2009 2854 Α
2028 2797 2138 2852 Graecis
2154 2790 2231 2853 voca·

1450 2875 1542 2931 bulum
1560 2876 1608 2931 llos
1622 2883 1781 2944 acceperunt
1804 2875 1907 2939 Latini,
1918 2876 1999 2944 idque
2016 2878 2061 2930 sno
2076 2877 2230 2945 adjecerunt

1397 2978 1405 2988 =
1448 2955 1575 3025 symbolo.
1615 2959 1716 3014 Verum
1725 2970 1841 3024 quonam
1858 2966 1995 3026 tempere,
2014 2972 2101 3026 qrrove
2124 2957 2176 3010 line
2193 2955 2231 3010 sa·
2327 2993 2334 3005 .

1447 3036 1516 3089 tium
1532 3036 1561 3089 iti
1576 3036 1621 3104 sit,
1631 3037 1754 3094 adcurare
1764 3036 1937 3090 determinari
1951 3037 2020 3089 hauri
2035 3038 2125 3105 potest.
2154 3036 2232 3092 Paul·

1449 3118 1476 3170 io
1492 3117 1576 3169 serius
1596 3117 1688 3170 latium
1705 3117 1755 3170 hee
1769 3118 1839 3177 else,
1859 3133 1894 3170 ex
1909 3132 1942 3168 ee
1956 3119 2086 3184 eolligunt
2104 3118 2154 3170 viri
2167 3133 2229 3172 etu-

1417 3226 1419 3229 >
1447 3195 1507 3262 diti,
1515 3197 1576 3265 quia
1584 3195 1754 3264 antiquissimi
1773 3205 1857 3249 coetus
1867 3195 2000 3249 christiani
2016 3197 2136 3250 dosiorea
2148 3235 2156 3260 ‚
2169 3198 2229 3265 spa·

1446 3273 1536 3326 eiatim
1547 3274 1780 3329 Teurnnnrnnus
1802 3285 1880 3343 atque
1892 3276 2103 3337 tirannorum,
2122 3275 2229 3344 quande

1445 3342 1554 3426 scelesta
1562 3353 1661 3406 saelunt
1669 3354 1851 3415 mentionem,
1861 3354 1974 3408 eandem
1981 3356 2088 3429 quidem
2095 3348 2229 3429 stantiam,

1446 3432 1538 3487 minus
1550 3443 1638 3499 autem
1652 3426 1809 3492 catholicam
1821 3433 1965 3503 adpellant.
2003 3437 2060 3492 Nec
2071 3438 2232 3507 improbabi-

1444 3514 1481 3567 lis
1492 3514 1569 3569 nobis
1585 3512 1693 3569 videtur
1704 3530 1796 3568 eorum
1812 3514 1956 3577 sententie,
1975 3516 2020 3585 qui
2037 3516 2232 3586 ajunttbane·
2276 3543 2277 3547 ¹

1444 3609 1476 3647 ee
1492 3609 1583 3647 vocem
1598 3610 1657 3649 eam
1673 3596 1704 3649 eit
1720 3594 1850 3649 rationem
1865 3595 1980 3664 symbolo
1999 3598 2072 3653 sitisse
2086 3598 2202 3654 additam
2218 3611 2251 3674 ,‘

1438 3684 1476 3728 ¹ut
1493 3674 1545 3727 dno
1559 3675 1683 3730 ecelesiae
1697 3676 1839 3738 attributa,
1860 3691 1928 3745 quae
1947 3675 2102 3738 immediate
2126 3690 2232 3736 antece·

1450 3755 1533 3818 dunt,
1553 3753 1687 3809 anismam
1703 3756 1830 3811 nimirum
1845 3770 1875 3810 ac
1884 3747 2061 3829 fhrttiicarem
2075 3762 2231 3831 explicaret,

1446 3831 1604 3905 insimu'que
1620 3835 1800 3904 signiticaret,
1828 3837 1866 3890 ita
1880 3848 2058 3907 comparatam
2079 3844 2130 3897 esse
2147 3845 2231 3897 ecele-

1448 3914 1511 3969 liam
1527 3916 1599 3970 illam
1612 3930 1695 3985 amm
1710 3928 1788 3986 atque
1798 3906 1939 3987 fttndsam,
1958 3929 1987 3972 nt
2003 3920 2076 3975 simui
2093 3922 2123 3977 stt
2138 3916 2233 3978 cath·

1445 3990 1518 4058 lica,
1539 3996 1566 4050 ld
1579 3997 1630 4059 eli,
1650 4013 1704 4050 non
1718 3997 1752 4050 ad
1769 4012 1852 4049 unum
1863 3997 1977 4064 aliquem
1988 3999 2074 4051 locum
2092 4040 2104 4070 ,
2124 4006 2166 4057 vel
2176 4011 2233 4058 cas.

1448 4086 1503 4129 tam
1521 4078 1634 4145 aliquam
1648 4078 1755 4144 gentem
1776 4076 1931 4142 adligatam,
1953 4076 1997 4129 sed
2013 4093 2061 4146 per
2078 4082 2232 4139 universum

1450 4157 1541 4209 orbem
1558 4157 1675 4210 diffusam
1686 4167 1765 4227 atque
1776 4155 1930 4224 dispersam,
1951 4167 2029 4226 prout
2045 4170 2150 4226 praeter
2164 4164 2233 4226 alias

1450 4236 1598 4291 observavit
1618 4240 1746 4293 Kisamos
1762 4229 1811 4289 lec.
1827 4232 1876 4288 cit.
1890 4246 1947 4311 cop.
1958 4231 2016 4292 tlt
2032 4232 2059 4311 ς.
2077 4245 2112 4293 ra.
2125 4251 2154 4314 ρ.
2175 4255 2234 4316 ²⁷7·

1450 4315 1523 4372 Ado·
1539 4315 1666 4373 lauderils
1683 4320 1849 4377 wascones
1868 4310 1920 4372 lec.
1936 4315 1983 4371 cia·
1993 4328 2025 4393 p.
2035 4331 2088 4373 soa.
2090 4311 2168 4396 seqq.

1473 4440 1552 4495 Certe
1565 4442 1706 4496 seeundum
1721 4445 1865 4500 nonnullas
1875 4445 1949 4498 viros
1956 4445 2044 4499 desios
2061 4447 2141 4517 longe
2158 4448 2235 4519 priua

1454 4513 1665 4592 christianorum
1679 4523 1839 4593 adpellatio,
1859 4541 1910 4593 qua
1921 4523 2013 4592 fideles
2028 4526 2059 4580 ab
2077 4528 2191 4585 ethnicis
2208 4531 2237 4585 br

1453 4602 1559 4670 ludaeis
1571 4603 1804 4673 discernebantur,
1822 4604 1850 4658 in
1867 4606 1931 4657 orbe
1942 4605 2091 4679 increbuit,
2110 4611 2168 4666 nrt.
2184 4613 2236 4668 xt.

1458 4679 1502 4737 26.
1520 4697 1599 4750 qnam
1610 4676 1885 4752 catholicorum,'qua
1904 4683 2078 4741 sinceritatem
2102 4689 2236 4744 desirinae

1458 4762 1613 4831 apostolieae
1621 4760 1649 4816 in
1657 4763 1720 4816 orbe
1731 4763 1815 4816 adbuc
1825 4763 1965 4819 durantem
1978 4768 2124 4821 retinentes
2137 4770 2168 4824 ab
2177 4770 2238 4823 liae·

1460 4842 1603 4895 retieornm
1618 4842 1724 4896 noviter
1733 4843 1925 4910 emergentium
1942 4845 2240 4920 sedustrieibnsepinio·

1463 4921 1542 4973 nibus
1559 4922 1586 4975 dt
1598 4923 1707 4976 coetibus
1726 4922 1851 4989 distingui
1864 4927 1987 4981 volebant
2003 4926 2030 4982 dt
2049 4928 2178 4992 solebant,
2197 4929 2239 4986 id·
2316 4948 2320 4955 ·

1459 5015 1511 5069 que
1526 5002 1642 5056 maxime
1651 5003 1706 5071 post
1714 5003 1840 5072 synodum
1855 5004 2011 5065 Nicaenam.
2049 5007 2127 5065 Unde
2143 5011 2240 5080 Julian·

1457 5095 1507 5133 nee
1521 5080 1674 5137 Franciscus
1690 5083 1768 5138 Picus
1785 5091 1840 5135 tntu
1855 5084 1962 5140 demum
1981 5103 2073 5143 vocent
2089 5090 2155 5145 bane
2175 5093 2243 5162 sym·

1459 5160 1520 5213 bolo
1538 5162 1680 5236 apostolico
1696 5162 1917 5233 accellilieputat‚
1934 5168 2241 5234 verisimilitudiaelraud

1460 5238 1610 5310 destitutus,
1640 5242 1840 5305 massanus.

1465 5315 1624 5385 Ee.
