5442 6225
583 598 585 603 ·
676 580 758 701 ¹rsa·
803 535 1040 663 cufsrnvs'
1085 578 1273 667 nvnrts·
1319 500 1380 664 sti
1428 576 1775 675 vocrrroua.
1819 568 1840 695 j
2056 520 2127 685 133
2172 524 2202 665 s
2268 632 2286 655 ι.

441 785 536 852 sum,
574 781 734 858 quantum
759 760 882 861 potest,
915 787 1036 860 urgere
1052 769 1087 839 dt
1112 769 1220 854 tueri,
1249 766 1391 853 nificat,
1424 770 1502 840 tnnc
1524 772 1613 839 ettisu
1640 764 1828 857 turbaretur
1852 764 1940 840 ordo
1962 762 2122 839 divinitat

441 865 493 933 im
509 864 583 959 quia
601 862 800 961 magillratui
815 867 977 933 terminos
996 858 1059 932 suas
1081 862 1221 959 potesla·
1260 867 1471 949 constitutus,
1503 871 1538 941 dt
1562 868 1780 940 miuillerium
1801 866 1985 939 orthodoxi
2013 860 2121 961 palio·

441 960 617 1045 xcedenti,
643 969 677 1035 ἁ
702 961 768 1030 fine
788 956 937 1055 exprcllo
962 959 1111 1053 ,ecclelia
1137 986 1218 1032 con·
1259 972 1610 1052 ria-contemneretur,
1634 966 1658 1036 st
1682 973 1754 1065 qtaic
1781 965 1820 1035 ad
1846 965 1993 1035 alienum
2012 959 2121 1058 pallo·

441 1086 451 1129 ι
478 1056 622 1151 pallores
649 1058 867 1143 constituendi
890 1055 1148 1135 acremouendi
1169 1057 1221 1157 jue
1256 1085 1330 1135 retn
1351 1063 1442 1133 abire
1455 1062 1584 1139 vellet..
1615 1064 1679 1133 Sed
1692 1067 1716 1137 li
1732 1062 1920 1147 ordinarius
1929 1058 2036 1155 pallor
2045 1082 2121 1152 rer-J

444 1150 507 1227 soli
537 1162 707 1254 arroganti
732 1154 877 1227 rehllcre
901 1162 935 1226 in
962 1159 1031 1228 hoc
1057 1153 1130 1228 calu
1147 1182 1217 1228 noa
1259 1159 1305 1231 bo
1322 1163 1564 1232 Deicontr'aria
1580 1159 1699 1249 docet,
1719 1169 1752 1236 dt
1768 1166 1803 1230 in
1816 1157 2057 1257 dispensatione
2069 1152 2120 1231 stt·

441 1252 600 1350 liabsque
617 1256 765 1327 evidenti
780 1255 950 1350 periculo,
975 1278 1018 1326 nc
1033 1279 1122 1351 purae
1142 1257 1217 1329 reli·
1258 1277 1508 1349 crementorum
1549 1258 1789 1330 institutionem
1831 1257 1954 1329 Chrilli
1991 1252 2118 1343 uiolat5
2152 1250 2161 1259 ⁸

446 1357 471 1421 ia
490 1356 652 1424 exercitio
674 1352 772 1451 plane
801 1349 992 1441 fraudetur,
1017 1352 1095 1424 ideo
1121 1348 1217 1426 satius
1256 1366 1335 1429 tuuc
1349 1356 1483 1433 licitum
1496 1356 1541 1426 cll
1558 1355 1692 1428 alterius
1716 1356 1853 1453 palloris
1869 1352 2053 1427 orthodoxi
2076 1363 2133 1424 o·'

448 1449 592 1569 pallores
608 1450 707 1537 illoc,
734 1449 757 1519 st
783 1474 823 1518 ex
840 1449 1017 1546 hypothesi
1041 1451 1138 1569 reeta
1157 1453 1218 1524 do·
1257 1460 1385 1570 pertin
1401 1450 1611 1568 absolutione
1625 1461 1658 1527 dt
1678 1460 1919 1573 communione
1936 1456 1981 1524 uti
1996 1492 2019 1571 ,a
2041 1454 2119 1619 (ἦιξα

445 1570 475 1632 t,
504 1547 637 1631 audire,
664 1556 697 1620 dt
718 1545 1000 1638 sacranteutormu
1014 1548 1221 1620 admtnsllra·
1258 1550 1432 1639 Chrtllua,
1456 1575 1547 1639 emus
1562 1575 1733 1625 oecouomt
1747 1550 1819 1623 sum
1834 1552 1950 1623 fideles
1964 1553 2048 1622 statui
2093 1573 2119 1623 t.

441 1673 487 1716 em
506 1648 546 1715 ab¹
568 1644 642 1744 ipsse
659 1654 798 1743 petere',
825 1670 923 1741 quam
939 1643 1088 1736 jussuum
1102 1649 1220 1719 ardliua
1257 1655 1414 1722 nerninem
1432 1653 1476 1719 uti
1486 1648 1529 1744 se
1549 1655 1725 1732 centenum
1738 1653 1841 1747 sorus
1862 1645 2015 1745 expellitr
2038 1648 2118 1732 Joh,
2255 1684 2258 1688 ·

441 1750 512 1841 equi
529 1751 562 1815 dt
583 1741 693 1815 ansam
711 1746 879 1841 praeberc,
911 1766 944 1812 nt
968 1734 1138 1841 publicum
1159 1745 1221 1816 lin·
1260 1748 1318 1822 Vl.
1335 1772 1392 1833 37.
1414 1749 1559 1845 ideoque
1580 1774 1658 1821 cum
1674 1755 1709 1820 itt
1727 1755 1825 1820 terrie
1843 1747 1988 1820 docendi
2002 1768 2121 1817 mune-

441 1842 650 1939 :religionis
683 1848 878 1914 exercitium
909 1840 1005 1937 plane
1035 1843 1218 1921 aboleatur.
1257 1843 1528 1941 relupgeretur,
1555 1852 1680 1943 receplt
1701 1870 1839 1936 ornnes,
1867 1851 1979 1945 quiex
2003 1844 2121 1918 vicistis
2170 1898 2174 1907 .
2315 1918 2319 1925 ,
2375 1904 2378 1933 ,

444 1946 479 2018 Si
493 1941 699 2040 magistratus
716 1944 923 2013 calvinianus
935 1944 1066 2039 laseris
1080 1943 1219 2015 rioiiori-
1255 1947 1442 2017 ciuitatibus
1453 1942 1502 2017 ἒ]
1505 1949 1605 2040 pagis
1616 1944 1656 2014 ad
1672 1942 1779 2040 iplum
1789 1944 2011 2030 confluebant,
2027 1941 2122 2039 quod
2206 1948 2213 1965 '

449 2044 638 2137 ubirejuffls
660 2044 742 2111 alios
753 2040 952 2136 substituat,
976 2045 1017 2112 nh
1045 2031 1228 2138 ὀρθοὸοξὶφ·
1250 2038 1366 2141 ipsum
1380 2041 1421 2112 ab
1435 2041 1592 2141 apostolia
1611 2065 1747 2139 quoqne
1762 2039 1960 2116 faciitatum.
1998 2041 2121 2134 Neque
2253 2056 2258 2065 ’

446 2145 577 2223 dentes,
614 2166 688 2210 num
706 2137 834 2210 illorum
864 2143 989 2210 voratio
1020 2139 1165 2212 habenda
1183 2139 1222 2228 ‘il
1256 2144 1456 2213 arbitramur
1482 2138 1564 2210 illud
1594 2162 1745 2237 pugnare
1774 2165 1853 2213 cum
1885 2137 2123 2211 constitutione

442 2237 529 2309 imo?
554 2233 648 2335 Resp.
669 2242 776 2309 invitat
797 2234 940 2309 ecetesne
966 2263 1028 2310 uec
1056 2237 1219 2333 eripiendi
1258 2232 1468 2325 Pall'arienli,
1496 2243 1532 2336 ita
1553 2262 1617 2332 qua
1642 2240 1802 2325 edicitur,
1834 2263 1875 2325 ne
1894 2242 1966 2334 qnia
1987 2236 2135 2339 alteriuex

441 2336 639 2407 obtrudendi
657 2332 728 2406 lunt
748 2362 765 2406 a
792 2334 1031 2432 tnagillratibus
1056 2338 1220 2433 pallores;
1260 2340 1355 2409 llatus
1371 2324 1519 2409 subditos
1534 2340 1578 2421 ad,
1595 2331 1909 2433 suampeligionem
1924 2353 2044 2431 cogat,
2065 2332 2123 2405 ad·
2237 2340 2261 2353 “

441 2438 500 2507 nde
512 2435 659 2531 grauiter
672 2454 826 2527 peccaut,
853 2436 909 2526 spui
926 2435 989 2505 tale
1009 2434 1088 2531 quid
1105 2434 1223 2528 adgre·
1259 2436 1373 2521 liciat,
1400 2433 1455 2505 uel
1481 2426 1598 2506 contra
1615 2434 1842 2530 magistratum
1865 2430 2045 2505 defendat:
2071 2435 2123 2504 Es

443 2555 516 2619 tur,
543 2526 716 2627 &reipsa
742 2534 983 2603 durariniumin
1008 2529 1223 2603 conscientias
1250 2530 1758 2631 sollheinStuadsienandsrrs,
1781 2528 2125 2628 uushdaffillseuiln.
2225 2546 2235 2571 ³
2313 2567 2319 2581 .

440 2647 607 2726 arrogant.
665 2631 766 2796 (pud
793 2629 817 2701 li
847 2630 890 2700 dc
916 2620 1006 2700 ladio
1030 2635 1222 2726 contingat,
1259 2633 1431 2706 ruthenen
1447 2656 1495 2705 zu
1507 2633 1620 2726 ssiaer
1638 2633 1791 2730 Religion
1811 2620 1975 2728 drirgaers}
2001 2631 2124 2731 obpro·

441 2731 575 2799 :endum
587 2752 677 2798 reme
705 2732 772 2797 ium
789 2752 846 2825 per
861 2723 955 2798 leriae
973 2728 1012 2797 ad
1028 2728 1137 2801 Deum
1149 2751 1224 2823 pre·
1262 2732 1408 2818 Steiria,
1435 2736 1515 2802 oder
1529 2733 1632 2801 wider
1647 2730 1719 2802 ihre
1749 2731 1924 2828 Obrigkrit
1941 2733 1977 2800 ira
1997 2727 2124 2805 sciara

459 2853 518 2925 par
532 2827 642 2898 literae¹
657 2821 817 2923 supplices
830 2830 914 2922 apud
931 2820 1035 2922 ipsum
1052 2825 1222 2924 snagilira·
1261 2835 1330 2905 aad
1342 2830 1468 2903 Sshirux
1496 2831 1647 2914 actaea,
1673 2829 1755 2901 noch
1775 2829 1987 2927 urrslsetiigm
2008 2830 2048 2898 irs·
2059 2828 2126 2896 iei-
2217 2818 2247 2891 .’
2359 2910 2362 2917 ¹

444 2979 454 3011 ,
487 2949 547 3016 per
572 2927 846 3019 implorationem
871 2925 985 2997 auxilii
1011 2920 1029 2994 i
1050 2922 1222 3023 superiore
1260 2956 1330 3003 erra
1348 2934 1472 3028 Wrgsa
1503 2926 1593 2997 aliud
1621 2931 1716 2998 euim
1741 2925 1788 2997 eil
1810 2923 1926 3020 sponte
1953 2927 2124 2994 uenientes

442 3022 577 3098 illratu,
602 3029 635 3093 dt
656 3049 728 3118 qttae
747 3024 809 3093 alia
832 3025 1036 3123 legitimare
1058 3024 1145 3093 licita
1162 3025 1222 3092 ha-
1260 3033 1436 3123 reciperc,
1466 3021 1557 3111 alind
1579 3020 1747 3092 blanditiis
1769 3022 1945 3118 pellicere,
1975 3018 2028 3091 rel
2051 3022 2126 3089 vio·
2255 3040 2259 3048 ·

456 3117 586 3215 poiluut
601 3123 730 3203 media,
755 3118 908 3211 quibusli
930 3119 1040 3187 nullm
1058 3117 1154 3187 detur
1168 3117 1220 3185 lo·
1261 3123 1509 3218 lentiscogere.
1558 3120 1630 3192 Nec
1647 3119 1713 3191 dici
1735 3120 1840 3218 putell
1854 3121 1898 3191 de
1913 3117 2043 3217 pallore
2059 3116 2125 3188 all·
2199 3131 2207 3140 ‘

472 3222 661 3285 vicinorum
695 3215 787 3283 tedio
814 3208 1007 3310 docentium
1035 3213 1219 3285 trtittilleriu
1260 3220 1351 3291 unde
1375 3224 1544 3290 venientes
1569 3223 1773 3316 recipiente,
1804 3217 1896 3315 quod
1919 3214 2127 3314 tnagiliratui

444 3312 535 3385 dum.
597 3311 763 3407 Qaeritnr
789 3312 892 3404 igitur
917 3313 988 3402 Vl.)
1014 3319 1070 3384 Aa
1094 3314 1221 3384 voratio
1260 3314 1408 3390 subditos
1420 3312 1495 3406 supa
1509 3315 1654 3389 alienare
1668 3321 1818 3414 cogitet,
1844 3320 2057 3414 nequeenim
2073 3313 2128 3386 di-

441 3410 499 3500 firi
515 3409 653 3500 ecelesiae
670 3433 705 3479 eo
724 3434 824 3509 sasque
834 3409 878 3505 se
892 3414 1067 3495 extendat,
1092 3421 1130 3481 ut
1145 3413 1223 3481 uite·
1260 3417 1393 3487 llirsdiio
1413 3412 1643 3485 dominiorum
1665 3440 1702 3485 ac
1723 3419 1972 3485 territoriorum
1985 3411 2128 3485 'tollitur
2161 3458 2166 3474 ι
2189 3420 2196 3442 “

443 3509 585 3602 pastoris
597 3508 762 3579 auditores
774 3514 817 3580 ad
829 3509 1070 3604 coafrffioarur,
1097 3511 1225 3604 olrsoiss·
1259 3540 1320 3615 per
1337 3515 1429 3584 uerbi
1449 3512 1765 3610 pradicationem&
1781 3508 2130 3585 lactatneutoruutad·

441 3612 482 3683 essi¹
498 3606 540 3694 85
556 3610 804 3679 cummunionem
814 3611 981 3681 admittere
987 3608 1109 3704 paffit?
1124 3602 1223 3702 Rcsp
1264 3610 1569 3704 sniaillsatlortems
1593 3629 1639 3686 ‚ut
1665 3635 1808 3709 regnum
1836 3609 1966 3683 Chrilli
1991 3632 2061 3680 non
2082 3604 2130 3679 eil

442 3730 490 3776 tre
510 3707 674 3775 canonico
691 3731 719 3779 c.
738 3726 773 3778 ut
795 3707 974 3780 dominicis
994 3714 1028 3778 in
1051 3705 1223 3780 decretali·
1264 3715 1483 3784 terrenum&
1507 3710 1737 3795 camdenum,
1762 3715 1806 3781 ita
1824 3704 2129 3880 quoguedistribu·
2188 3753 2189 3758 κ
2289 3777 2292 3784 ,

444 3805 603 3897 Gregorii
627 3807 674 3874 tit.
701 3802 743 3876 de
762 3809 911 3901 parociis
931 3806 1098 3893 liatuitnr,
1133 3802 1223 3902 quod
1261 3817 1311 3883 tio
1327 3804 1547 3903 spiritualium
1563 3807 1733 3878 bonorum
1751 3810 1786 3877 in
1802 3809 1888 3880 Chri
1916 3812 2133 3903 iregnonon'
2230 3839 2233 3846 ·

441 3906 533 3973 inicis
556 3904 608 3974 vel
622 3900 750 3996 festivis
771 3907 882 3976 diebus
907 3907 1109 4001 presbyteri,
1134 3914 1226 3975 nntr-
1265 3901 1443 3980 confundit
1463 3902 1684 3996 hujusmundi
1699 3903 1851 3976 dominia
1864 3911 1899 3977 dt
1914 3929 2032 4001 regum
2044 3902 2134 4004 poli,-

441 3996 595 4095 rsrrn'ffma
610 4003 789 4080 celebrent,
812 4006 932 4097 plebem
949 4008 1156 4102 interrogare
1171 4005 1226 4073 de·
1266 4011 1414 4079 tinorum
1429 4005 1609 4076 territoria.
1663 4003 1757 4091 Vll.)
1781 4011 1838 4078 Aa
1855 4005 2046 4095 probandus
2054 4003 2131 4115 fiat

441 4112 479 4186 at,
506 4125 581 4169 nram
599 4102 734 4171 ulterius
756 4103 1067 4198 puroesiaaussttiu
1087 4103 1224 4196 areima,
1268 4101 1504 4201 exspeiiniiuur
1524 4105 1569 4171 ud
1595 4111 1698 4172 certos
1715 4100 1910 4194 parochias,
1942 4122 2024 4198 quus
2053 4123 2131 4195 pur·
2254 4113 2260 4122 “

441 4201 569 4291 uroprio
582 4209 737 4269 contemto
751 4204 942 4296 presbytero
959 4205 1004 4272 ibi
1020 4199 1223 4298 urlilmiffarn
1268 4211 1342 4276 siam
1364 4205 1450 4276 uiuis
1471 4200 1576 4274 adhuc
1595 4198 1784 4293 pastoribui
1793 4199 1877 4297 sede
1895 4203 2040 4272 noudum
2073 4220 2132 4270 vu·

441 4302 502 4381 fre,
528 4319 621 4393 quem
632 4297 668 4394 fl
690 4299 894 4382 inuenerint,
917 4300 1024 4386 statim
1045 4304 1085 4370 ab
1103 4293 1223 4399 sesieflo'
1251 4302 1393 4376 'santra
1406 4295 1772 4393 patronisirnpetrout?
1796 4290 1893 4393 liesp.
1910 4303 1944 4368 ia
1958 4318 2065 4392 regno
2097 4318 2134 4365 a·

441 4384 529 4465 sinat.
544 4394 832 4490 dtcap.omnisde
853 4400 1094 4492 poenitentiis&
1109 4401 1226 4469 retnis-
1269 4399 1335 4499 pali
1356 4396 1436 4470 tales
1454 4389 1685 4492 exspedlatirae
1713 4419 1751 4474 ac
1767 4394 1951 4492 praeheadae
1973 4318 2095 4465 lutatiP

441 4494 510 4561 ibus
523 4490 688 4575 statuitur,
714 4494 806 4590 quo‘d
821 4496 959 4592 quilibet
966 4499 1110 4591 proprio
1112 4496 1228 4592 saser-
1269 4490 1507 4594 quantissimae,
1528 4514 1646 4564 contra
1664 4513 1790 4565 ueteres
1802 4515 1947 4565 canones
1966 4496 2001 4561 iu
2019 4493 2134 4562 couci·

457 4594 570 4661 dehent
586 4592 734 4683 *confitere
752 4592 821 4688 suu
845 4610 997 4687 prrsum,
1011 4596 1047 4693 fl
1062 4599 1228 4691 quisuero
1271 4591 1318 4668 lid
1341 4589 1569 4676 Laterancnli,
1601 4609 1637 4663 ut
1667 4597 1702 4664 tit
1732 4589 1890 4663 Trideat.
1923 4584 1991 4661 seli
2009 4589 2137 4666 XXIV.

441 4690 644 4784 tosuserdoti
663 4692 804 4762 uoluerit
815 4690 904 4788 justu
919 4698 958 4764 de
975 4692 1070 4790 sousa
1092 4693 1227 4787 confite·
1270 4717 1339 4789 cap.
1361 4721 1372 4762 r
1381 4721 1414 4776 9·
1438 4695 1608 4782 repetitos.
1657 4689 1710 4760 Sic
1727 4692 1815 4760 caim
1834 4689 1924 4760 redle
1942 4684 2090 4758 ssatuitut
2104 4712 2135 4761 c.
2165 4767 2168 4772 ,

444 4791 559 4859 dehent
580 4791 1227 4890 priuslireaiiamapropriosastrdotr
1272 4795 1338 4890 Qi
1358 4795 1391 4859 in
1412 4794 1590 4871 uiuorum,
1616 4789 1651 4857 in
1676 4785 1894 4859 decretalibus
1915 4785 2076 4881 Gregorii
2093 4783 2144 4856 d'c'
2209 4801 2221 4836 r
2283 4867 2290 4876 p

441 4881 528 4958 uiure
554 4885 601 4959 &³
621 4889 774 4962 obtinere.
809 4890 931 4961 ¹Hanc
956 4890 1233 4963 constitutionem
1269 4882 1698 4981 concelltopepracbendo:
1725 4888 1796 4981 Qui
1818 4883 2139 4980 inuiuorts'rnsnstr-

441 4984 591 5078 ciendam
606 4985 764 5075 dicimus,
790 5006 949 5085 quatenus
963 4991 1150 5061 ordinarius
1173 5014 1230 5088 pa·
1273 4994 1383 5060 dotum
1397 4981 1467 5055 iu'co
1483 4995 1673 5077 ponuntur,
1696 4981 1924 5077 hocipscsuas
1940 4980 1982 5053 ab
1998 4983 2140 5077 errleſsa·

454 5082 593 5153 v'erhum
622 5073 758 5152 Christi
771 5081 898 5156 sincere
924 5086 1045 5174 docet,
1072 5093 1105 5161 ἀ
1126 5083 1228 5159 [πται
1265 5085 1343 5180 [lisa
1371 5087 1591 5156 cummunione
1616 5075 1781 5173 pellendi,
1813 5105 1878 5177 quo
1893 5081 1934 5173 fe
1954 5080 2038 5174 puffi
2051 5081 2142 5174 suut

441 5203 478 5253 ‚ta
497 5185 585 5274 juxta
599 5179 687 5253 tllnu
698 5179 939 5286 mlittuuoaesu
956 5183 1108 5284 legitime
1124 5186 1231 5261 admi·
1275 5176 1797 5282 uiuissacerdotibussusseffores
1812 5179 1973 5254 adhiberi.
1990 5177 2141 5350 adlgiulla

537 5305 539 5310 ·
986 5327 990 5332 -
1378 5307 1450 5382 qe
1830 5327 1833 5332 -
2000 5299 2019 5350 e
2066 5301 2141 5374 ems

2139 5401 2288 5592 ‚n

2081 4416 2153 4464 re··
2295 4381 2299 4388 ’
